3090 4898
654 236 694 298 65

61 419 194 483 liberare
227 419 264 482 de
295 418 420 502 poena).
474 441 565 486 cura
593 418 659 484 VH
684 422 731 498 13,
759 423 796 484 21
830 438 952 482 surnrna
984 419 1104 484 77777777
1137 439 1214 484 cura
1251 419 1289 482 de

59 523 182 587 litteris.
230 523 489 589 *desiderium
511 522 577 587 VII
602 523 649 605 11,
674 527 705 587 1:
743 523 897 587 desiderio
925 523 963 586 de
989 523 1074 586 cobis
1102 545 1167 588 77777
1195 524 1289 587 satis-

58 627 170 707 facere.

145 728 176 813 e)
199 733 385 814 usurpatum
402 732 434 794 in
447 731 654 813 significanda
670 732 788 812 origine
805 752 917 799 caussa
930 734 1063 800 materia
1076 732 1289 794 instrumenta

58 834 152 898 made
172 835 307 914 denique
329 835 443 916 pretio:
467 833 581 910 11113,
605 837 641 898 61
664 835 800 898 ructatio
822 835 859 898 de
882 835 1017 915 dapibus
1038 831 1201 896 hesternis,
1244 830 1289 895 IV

59 938 88 1014 8,
111 939 148 1000 31
170 934 286 999 nebula
308 934 345 997 de
361 934 503 1014 puluere.
547 937 573 999 V
594 938 641 1013 17,
666 939 699 1001 41
722 937 760 1000 de
782 937 841 1000 laci
864 937 1089 1017 turbarumque
1112 951 1289 1013 ccurpressu

58 1037 169 1118 depue‘
184 1038 359 1101 numerosis
381 1036 554 1101 luminibus
584 1037 698 1101 inlatis
726 1040 823 1103 nirnis
844 1039 961 1103 unleli.
1016 1043 1044 1117 7,
1068 1039 1146 1103 502:
1175 1035 1290 1098 scciurn

58 1141 96 1203 de
111 1141 221 1204 Marte
240 1160 349 1223 penus.
396 1143 423 1217 7
445 1140 520 1206 103:
542 1140 585 1220 sic
607 1139 746 1205 lacerurn
767 1143 804 1206 de
824 1142 960 1207 Caesare
982 1162 1121 1224 7777777.
1169 1140 1289 1216 71131

58 1243 207 1306 Nerua..
214 1242 340 1322 adept‘
327 1262 376 1306 777
392 1243 459 1323 fact
459 1263 499 1306 us
520 1243 558 1306 de
575 1242 710 1307 Caesare
729 1245 839 1309 777777.
885 1246 1006 1325 7,1181
1030 1249 1143 1307 strrua
1120 1242 1290 1321 airrepta

58 1346 96 1408 de
118 1350 209 1410 caute
231 1345 349 1424 lupara.
398 1351 427 1425 2,
452 1351 492 1412 86
515 1350 598 1425 e,t7
622 1351 701 1412 452:
732 1348 769 1410 de
789 1369 881 1422 ruere,
913 1351 1047 1432 denique
1079 1351 1107 1425 2,
1130 1346 1211 1410 454:
1239 1361 1290 1404 res

58 1468 127 1529 emp
129 1452 163 1511 tu
184 1448 263 1513 777777
285 1453 331 1512 777
318 1449 392 1512 lde
411 1449 567 1530 saupuiue
591 1448 710 1514 Crassi

143 1554 170 1636 7)
192 1573 248 1637 pre
268 1554 421 1632 genetiuis
439 1556 487 1618 vei
510 1556 592 1638 parti
595 1559 666 1620 1117
682 1557 731 1619 171
754 1557 883 1620 aliisut
905 1555 1052 1633 viar:
1074 1571 1174 1615 77777
1196 1547 1287 1629 ferni-

57 1674 134 1719 narn
156 1655 193 1718 de
214 1655 380 1734 affectibus
398 1656 468 1718 suis
490 1660 556 1722 cett
566 1681 573 1720 ι
597 1678 677 1741 quae
694 1679 876 1724 enumerare
893 1658 1126 1742 supersedimus
1141 1655 1289 1738 quoniam

57 1760 231 1843 praeverbii
250 1757 287 1821 de
309 1779 364 1842 pra
380 1761 529 1845 partitiva
546 1763 689 1842 genetiva
712 1764 806 1845 positi
825 1764 966 1846 exempia
983 1761 1044 1826 Sid.
1062 1781 1133 1825 cum
1148 1761 1291 1824 veterum

58 1882 119 1927 usu
141 1882 271 1945 prorsus
294 1866 480 1945 congruunt.
525 1884 581 1946 pra
605 1866 673 1930 71117
690 1869 796 1930 autem
816 1867 968 1946 genetiuis
991 1863 1182 1947 depositum
1205 1861 1290 1924 vide-

59 1970 112 2030 tur
135 1984 204 2030 esse
227 1985 288 2030 usu
311 1967 350 2029 ad
367 1967 646 2046 Francogallorum
668 1968 889 2033 formationem
907 1967 1044 2050 genetivi
1066 1967 1128 2029 iarn
1151 1963 1290 2046 proxime

60 2069 230 2133 accedente
251 2069 301 2132 111
321 2070 366 2146 13,
383 2069 418 2132 21
442 2061 488 2131 est
509 2067 560 2131 bic
579 2089 693 2151 parpes
707 2069 744 2132 de
766 2069 925 2132 sutoribus
942 2066 1136 2148 fabularum,
1160 2066 1197 2129 de
1220 2084 1290 2129 cen-

59 2168 276 2249 cinuutcribus
305 2169 481 2246 criminum,
516 2171 553 2234 de
582 2172 790 2235 sinistrarum
819 2171 1003 2252 epiuicuunc
1032 2168 1289 2250 duplicatoribus.

60 2273 120 2336 VII
138 2276 168 2350 9,
192 2273 242 2337 18:
271 2272 300 2334 si
321 2292 424 2336 annos
445 2273 548 2353 ipsius
571 2279 788 2355 computemus,
810 2274 902 2338 babet
924 2274 1100 2354 efficaciam
1122 2273 1159 2336 de
1181 2273 1289 2335 iucen-

59 2377 125 2437 tute
148 2375 207 2456 (=
221 2374 396 2458 iuuenum),
420 2375 457 2439 de
472 2381 626 2440 senectute
645 2377 838 2460 (=seuunr)
861 2377 1033 2441 consilium.
1079 2380 1107 2454 7,
1121 2381 1204 2442 580:
1225 2377 1290 2440 7777

53 2477 152 2557 prius
174 2478 325 2541 induerat
346 2478 430 2542 solas
452 2480 490 2542 de
506 2481 655 2563 principe
677 2500 780 2544 curas.
826 2502 863 2546 ac
885 2482 1017 2546 forsitan
1040 2483 1102 2545 hue
1125 2482 1289 2546 referenda

59 2583 178 2648 fuerint
201 2584 343 2666 exempla
366 2602 461 2664 supra
483 2585 546 2649 iam
570 2586 690 2650 adlata:
738 2583 853 2648 nebula
875 2582 1070 2663 depulsare,
1093 2583 1229 2646 ructatio
1252 2583 1289 2647 de

59 2683 196 2763 dapibus
216 2683 380 2762 basternis,
416 2705 494 2749 cura
524 2686 561 2749 de
581 2686 706 2764 litteris,
737 2687 890 2750 desideria
911 2686 949 2749 de
977 2685 1061 2749 vebis
1090 2691 1164 2752 cett.
1196 2707 1288 2771 saepe

12 2837 14 2843 .
60 2788 145 2853 enim
168 2789 297 2854 difficile
319 2790 381 2854 fuit
412 2791 450 2854 ad
473 2792 715 2856 discernendum
746 2796 854 2857 utrum
877 2792 939 2855 huc
962 2810 1001 2855 an
1033 2792 1109 2855 illuc
1143 2792 1285 2873 exempla

60 2909 203 2975 quaeque
225 2894 428 2976 pertinerent.

146 2997 175 3059 4.
219 3015 314 3079 prae
331 2997 469 3062 adverbii
484 2998 553 3061 icco
569 2998 707 3080 pesitum
730 2997 785 3075 19,
799 3000 834 3063 7:
857 3015 964 3059 777777
978 3016 1122 3077 praeque
1137 2995 1288 3060 denuntio

60 3096 185 3181 (Claud.
209 3100 304 3163 Mam.
326 3099 381 3163 771.
404 3101 615 3181 Engelbrecht
637 3102 655 3163 1.
679 3102 698 3164 1.
720 3122 750 3185 p.
768 3101 830 3165 519
853 3101 907 3182 qui
928 3101 1045 3164 ibidem
1069 3101 1106 3163 de
1130 3102 1289 3182 significa-

60 3202 146 3266 tione
171 3202 227 3282 [=
249 3221 323 3286 prae
346 3203 503 3280 omnibus,
526 3204 679 3286 inprimis
704 3203 807 3283 valde]
831 3200 1003 3286 disseruit).

147 3307 175 3368 5.
198 3325 273 3389 pro
297 3303 328 3387 a)
351 3332 394 3358 =
410 3307 457 3376 ὥς
479 3326 542 3370 nan
565 3307 657 3371 moda
674 3327 745 3371 cum
768 3309 869 3373 verbis
891 3307 1024 3389 putandi
1045 3309 1082 3369 ut
1106 3305 1208 3381 7119,
1235 3306 1289 3369 12:

60 3404 158 3469 sclarn
181 3405 348 3470 clericatus
369 3407 614 3471 diuturnitatem
639 3428 703 3487 pro
724 3409 846 3471 ueritis
868 3411 1039 3472 7777777777
1071 3405 1291 3470 calculandarn

61 3511 117 3575 sed
141 3512 330 3576 7717177717
354 3513 423 3576 71117
446 3513 629 3595 saepissime
653 3514 865 3577 coniunctum.

146 3610 181 3695 b)
204 3615 237 3678 in
265 3634 378 3679 caussa
409 3616 577 3679 indicanda
607 3619 644 3681 ut
674 3617 741 3693 12,
765 3616 801 3680 4:
831 3635 895 3694 pre
929 3613 1152 3678 consuetudine
1181 3611 1291 3692 potius

60 3734 156 3795 quani
172 3735 237 3795 pro
258 3719 311 3779 rat
312 3715 391 3779 ioue.
436 3714 479 3781 VI
496 3720 545 3795 12,
562 3721 597 3782 61
619 3717 655 3781 77
677 3717 797 3781 cuelurn
818 3717 900 3781 relat
888 3722 940 3780 tus
960 3737 1019 3796 pro
1041 3720 1168 3796 reperta
1190 3715 1291 3796 spica-

60 3837 133 3880 runr
154 3817 450 3892 777777777112,
467 3822 502 3884 81
519 3840 583 3899 pro
605 3819 1054 3900 lpperbolicisiusttrunrentis
1075 3819 1173 3899 coepit
1194 3818 1291 3882 actic-

61 3939 132 3982 nens
154 3921 403 4000 repetundarum
416 3941 598 4004 preponere.
639 3925 741 4001 7114,
759 3924 793 3988 1;
816 3924 943 4005 repulus
964 3923 1088 3986 77777777
1107 3943 1167 4005 pra
1188 3924 1292 3987 77777-

60 4022 168 4103 (icerrt'
156 4043 206 4085 777
221 4027 286 4086 7777
286 4045 342 4087 777
363 4025 449 4104 fasce
465 4024 623 4088 77777777.
669 4029 719 4104 22,
736 4026 812 4093 1961
835 4047 899 4090 nen
913 4025 983 4089 ulla
1001 4026 1102 4113 erupis
1116 4046 1253 4089 nurus..

60 4123 278 4208 it'llustrrsprc
307 4127 482 4190 sarteuiri.
536 4131 779 4210 2315317177
808 4129 933 4210 iupenic
963 4129 1081 4207 fluente
1103 4134 1179 4195 cet.
1223 4131 1290 4208 (cir.

62 4227 225 4312 Gdlrerp.
250 4230 335 4311 343).
387 4250 522 4312 quocum
545 4252 605 4296 usu
635 4233 809 4297 arctissime
841 4235 988 4298 cohaeret
974 4235 1103 4297 thuias
1134 4236 1292 4316 praeposi·

61 4332 157 4396 tionis
180 4351 253 4395 cum
276 4333 378 4397 verbis
408 4335 440 4396 et
469 4336 648 4398 nominibus
672 4335 763 4399 affeci
750 4338 841 4399 tuum
865 4336 1044 4400 coniunctio
1075 4339 1112 4399 ut
1143 4337 1291 4400 erube·

1121 4456 1136 4506 b
