3090 4898
186 1133 249 1246 De
281 1183 470 1265 Apollinaris
495 1183 614 1247 Sidonii
637 1185 849 1246 Arvernorum
877 1183 1014 1266 episcopi
1044 1185 1203 1249 latinitate
1235 1204 1334 1266 quan·

108 1308 203 1370 quam
227 1288 287 1351 duo
310 1287 375 1349 iarn
397 1288 632 1368 programmata
651 1285 840 1348 Mamaliana
864 1287 1040 1368 composita
1063 1288 1101 1351 ab
1125 1287 1164 1349 H.
1181 1288 1334 1352 Kretsch-

106 1390 237 1470 mann1)
262 1390 371 1454 extant
393 1393 424 1453 ct
440 1390 601 1470 Eugenius
618 1389 715 1452 Baret
737 1388 883 1453 editionis
905 1408 979 1453 suae
997 1389 1223 1470 Sidonianae2)
1243 1411 1334 1473 pagg.

108 1494 275 1558 icc-120
305 1493 459 1556 nonnulla
486 1492 638 1574 exposuit,
671 1495 777 1564 tamen
809 1511 889 1556 nova
919 1493 1075 1574 quaedam
1110 1496 1334 1559 commentatio
1438 1556 1445 1562 .

106 1598 191 1662 haud
209 1614 443 1685 supervacanea
459 1595 549 1659 nobis
564 1596 631 1659 risa
652 1596 708 1658 est.
745 1613 882 1677 namque
904 1596 957 1660 ille
981 1598 1078 1662 altero
1102 1601 1334 1679 programmate

92 1700 144 1763 -dc
185 1697 403 1778 compositione
436 1695 562 1761 Sidonii
595 1697 721 1761 uberius
757 1699 938 1780 explicavit,
980 1701 1078 1765 altero
1110 1701 1335 1765 vocabulorum

21 1838 25 1847 ·
107 1805 337 1888 supellectilem
369 1802 565 1866 enumeravit
597 1820 633 1864 ac
663 1801 786 1865 duabus
819 1805 946 1866 tantum
973 1804 1097 1886 paginis
1126 1805 1273 1869 extremis
1297 1805 1334 1868 de

107 1907 232 1971 dicendi
262 1905 589 1993 generepauoissima
619 1904 774 1985 quaedam
797 1906 947 1988 exposuit,
977 1907 1029 1970 hic
1050 1908 1260 1990 proprietates
1285 1908 1334 1972 Si·

109 2011 193 2075 donii
216 2012 351 2074 maxime
375 2009 560 2090 conspicuas
584 2008 785 2084 adumbravit
812 2010 916 2091 potius
940 2028 1034 2090 qnam
1057 2011 1215 2092 pertexuit
1238 2012 1333 2092 atque

106 2115 138 2177 in
171 2115 348 2196 complures
383 2113 513 2194 insuper
547 2111 659 2175 incidit
689 2130 816 2175 errores.
872 2111 910 2175 de
941 2113 1134 2193 etymologia
1165 2115 1272 2177 autem
1304 2117 1336 2178 et

107 2219 233 2300 syntaxi
263 2215 431 2280 Sidoniana
464 2215 632 2279 nemodum
666 2217 843 2279 accuratius
875 2217 907 2278 et
940 2216 1095 2296 copiosius
1127 2216 1268 2298 scripsit:
1303 2217 1335 2281 id

108 2321 190 2402 quod
227 2321 317 2383 nobis
356 2319 552 2402 propositum
585 2322 642 2382 est.
688 2337 797 2402 >quam
827 2318 1044 2399 quaestionem
1077 2319 1122 2382 ita
1155 2320 1335 2385 censuimus

108 2442 176 2487 esse
193 2423 376 2487 solvendam
398 2425 435 2485 ut
458 2423 503 2485 eis
526 2423 631 2484 minus
649 2423 766 2485 curatis
791 2441 870 2502 qnae
887 2440 905 2484 a
921 2420 1124 2485 classicorum
1148 2423 1202 2502 qui
1224 2422 1335 2486 dicun·

108 2528 160 2591 tur
189 2527 377 2607 scriptorum
408 2543 469 2588 usu
496 2543 558 2587 non
582 2524 762 2605 discrepant
784 2527 840 2588 aut
870 2526 908 2588 ab
933 2524 1143 2606 etymologica
1164 2527 1255 2606 parte
1279 2529 1336 2589 aut

108 2648 126 2692 a
143 2630 322 2712 syntectica
336 2628 551 2708 insignissima
574 2627 728 2708 quaedam
752 2630 784 2690 et
807 2627 846 2690 ad
862 2625 1068 2691 Sidonianum
1088 2626 1211 2690 dicendi
1235 2647 1335 2707 genus

107 2732 360 2814 cognoscendum
393 2731 525 2793 maxime
557 2731 670 2794 idonea
701 2731 794 2793 certis
820 2730 1008 2810 quibusdam
1032 2731 1207 2793 rationibus
1231 2731 1335 2812 dispo-

107 2835 169 2898 sita
195 2852 464 2917 persequeremur.
512 2835 616 2896 omnia
646 2834 729 2897 enim
757 2833 929 2914 insigniora
953 2834 980 2896 si
1007 2834 1197 2915 pertractare
1218 2834 1336 2898 voluis·

107 2957 229 3015 semus,
268 2941 355 3002 totus
389 2939 470 3002 liber
501 2936 743 3000 conscribendus
776 2937 868 3002 nobis
899 2937 1010 3000 fuisset
1041 2937 1167 3019 qualem
1201 2936 1337 3000 confecit

105 3041 261 3104 Henricus
293 3039 404 3104 Gdlzer
434 3041 482 3104 vir
514 3040 625 3103 doctus
657 3039 796 3104 Gallicus
832 3041 870 3104 de
901 3040 1086 3122 Hieronymi
1123 3037 1335 3119 latinitate:⁸)

108 3144 189 3224 quod
220 3144 366 3226 perficere
398 3145 528 3207 minime
558 3146 741 3225 poteramus
773 3144 923 3225 quoniam
950 3143 1066 3206 auxilia
1095 3142 1133 3205 ad
1162 3143 1225 3205 tale
1258 3161 1335 3224 opus

107 3247 241 3308 maxime
270 3249 447 3310 necessaria
479 3247 569 3310 nobis
598 3249 722 3329 praesto
754 3267 816 3310 non
848 3248 947 3310 erant.
992 3264 1029 3309 ex
1056 3263 1227 3325 permagno
1252 3246 1335 3309 enim

105 3367 236 3412 numero
268 3349 473 3430 peculiarium
504 3348 682 3412 libellorum
711 3344 910 3413 aPauclrero
946 3349 983 3412 de
1010 3348 1220 3430 posteriorum
1256 3349 1333 3411 scri-

105 3455 232 3533 ptorum
245 3449 480 3514 ·vocabulorum
504 3455 660 3534 apparatu
682 3453 928 3534 compositorum
952 3451 1158 3534 paucissimos
1180 3450 1335 3532 inspicere

105 3555 196 3618 nobis
218 3554 318 3618 licuit.
357 3555 527 3618 accedebat
550 3554 634 3634 quod
659 3555 793 3618 aliorum
816 3557 954 3619 virorum
977 3555 1142 3619 doctorum
1165 3554 1203 3617 de
1226 3555 1336 3635 singu·

105 3656 207 3720 lorum
230 3657 420 3739 scriptorum
450 3657 607 3721 latinitate
631 3658 912 3722 commentationes
943 3658 975 3719 in
999 3657 1079 3720 actis
1110 3656 1277 3739 philologis
1300 3659 1337 3720 ut

105 3760 215 3825 Museo
237 3760 387 3824 Rhenano
411 3763 442 3825 et
466 3779 545 3842 quae
569 3762 645 3823 sunt
667 3765 772 3825 cetera
794 3762 826 3824 id
849 3780 948 3842 genus
972 3763 1115 3824 extantes
1137 3760 1171 3822 in
1189 3761 1336 3843 promptu

105 3864 197 3928 nobis
214 3883 277 3927 non
292 3863 429 3928 fuerunt.
471 3867 505 3928 at
528 3865 730 3928 vehementer
752 3864 852 3945 gavisi
875 3883 984 3928 sumus
1009 3862 1090 3946 quod
1115 3881 1196 3926 nova
1217 3861 1337 3926 Sidonii

193 4067 214 4131 1)
233 4083 301 4135 quae
319 4066 390 4119 edita
408 4068 471 4118 sunt
488 4066 654 4121 annis-1870
673 4068 700 4118 et
720 4069 793 4121 1872.

192 4151 215 4220 2)
238 4151 352 4205 Oerccrcs
371 4151 402 4203 dc
421 4151 534 4205 deoa'nc
551 4151 726 4220 Apollineam
744 4156 810 4204 tacte
828 4151 901 4205 latin
918 4157 972 4216 etc,
992 4152 1078 4206 Paris,
1099 4153 1172 4204 1878.

193 4239 216 4306 3)
235 4223 323 4290 11111111
341 4236 574 4305 lexicographiqoc
598 4243 622 4291 ct
637 4237 850 4306 grammaticam
873 4238 904 4290 dc
928 4238 956 4291 lo
978 4237 1088 4290 retroire
1105 4237 1136 4290 dc
1162 4236 1200 4289 st.
1219 4236 1336 4302 Je'rcme,

108 4323 190 4377 Paris.
211 4327 284 4378 1884.
