3090 4898
746 213 787 278 76

152 400 323 482 deprensas
345 398 465 482 (feras)
496 400 583 464 modo
612 399 758 463 claudere
779 399 918 463 cassibus
945 398 1028 462 artis
1054 397 1152 462 Nunc
1178 401 1259 462 torto
1289 417 1366 482 pem·

153 506 240 566 trare
262 523 347 566 oeru.
397 505 474 568 VIII
497 507 526 582 6,
551 505 605 568 13:
636 503 721 566 inter
743 502 852 583 officia
881 521 968 565 nune
996 505 1116 565 nautae
1143 500 1233 566 niodo
1261 500 1369 564 militis.

153 607 231 672 VIII
245 609 293 685 ll,
313 610 349 672 2:
379 625 465 669 nanc
487 604 690 689 Drepanium
711 605 787 682 illis,
810 606 898 670 modo
917 605 990 668 istis
1011 604 1155 669 restituis
1177 603 1371 669 Antbediam.

239 730 328 774 mox
343 738 385 764 =
404 713 472 772 tum
490 711 539 775 vel
562 708 674 773 deinde
696 711 822 788 llus:
844 728 977 789 nanque
999 707 1226 772 subridens
1246 710 1280 773 et
1302 727 1374 774 com-

153 815 291 895 pluries3
321 815 353 878 iu
378 815 506 897 apodosi
534 814 582 878 III
606 813 657 890 13,
682 816 740 878 10:
771 812 800 875 si
821 812 866 875 ad
894 811 1013 876 occulta
1041 811 1258 892 fmudliorinm
1282 809 1376 894 publi

154 916 256 978 canda
280 916 427 998 tenrporis
448 915 532 979 ratio
553 915 707 992 sollicitet,
730 936 803 979 moa
823 935 881 998 per
902 914 986 978 lunc
1007 913 1197 997 Spartacum
1219 933 1377 995 quaecam-

154 1038 213 1100 que
226 1022 302 1082 sunt
316 1017 426 1081 clausa
440 1018 650 1100 franqnntnr.
695 1040 781 1084 mor
804 1023 848 1084 ut
863 1045 905 1072 =
919 1022 955 1082 nt
971 1018 1112 1101 primum
1130 1021 1179 1084 vel
1193 1016 1379 1098 simulatque

154 1123 186 1187 II
211 1125 237 1199 7,
261 1125 297 1186 2:
319 1141 400 1202 qaae
422 1121 554 1185 ueniunt
575 1121 612 1185 in
634 1121 896 1205 disceptatum,
928 1123 1058 1200 mount
1078 1121 1239 1200 utrimque
1260 1119 1380 1201 fuerint

156 1225 307 1308 opposita,
331 1225 497 1307 discinqas.
547 1226 577 1303 6,
602 1225 659 1290 19:
688 1223 823 1307 protulit
843 1227 880 1287 nt
901 1245 974 1288 moa
996 1227 1025 1288 te
1045 1225 1182 1308 patrias,
1207 1221 1380 1307 Sapientia

156 1332 272 1403 corten,
298 1327 378 1391 Tam
398 1348 488 1410 mapa
508 1328 659 1404 uicerunt,
682 1331 711 1390 to
730 1346 800 1391 cum
821 1327 957 1416 tabuere
979 1327 1038 1391 dei.
1082 1326 1180 1407 (Iler.
1198 1327 1283 1392 114:
1306 1344 1382 1407 qnae

158 1431 322 1514 (corpora)
351 1451 424 1494 aion
445 1434 482 1494 ut
504 1429 628 1494 caluere
648 1450 766 1514 pnqna,
798 1430 906 1494 statim
935 1430 971 1493 in
1002 1430 1146 1494 sudorem
1176 1433 1270 1506 eunt;
1302 1430 1381 1514 apud

157 1536 213 1599 Ict.
236 1553 308 1597 moa
330 1553 425 1614 quina
447 1537 479 1599 et
499 1553 572 1596 moa
593 1533 686 1616 cum).
1152 1600 1155 1604 Α

242 1657 287 1702 ne
311 1657 382 1702 cum
405 1641 478 1721 post
500 1639 688 1703 adiectivum
710 1635 932 1717 formidolosus
952 1639 985 1702 II
1008 1637 1057 1716 13,
1082 1641 1116 1703 7:
1138 1635 1249 1719 qulam
1271 1635 1382 1716 formi-

158 1739 256 1804 dolosi
280 1739 431 1803 Tantaleo
452 1740 603 1820 frenabat
620 1740 759 1824 enemplo
781 1761 821 1803 ne
840 1739 900 1803 eibi
921 1740 1056 1822 inpressi
1080 1758 1139 1822 per
1159 1759 1217 1802 ora
1237 1759 1297 1822 per
1317 1737 1382 1802 oab

158 1862 238 1906 nera
249 1842 374 1906 enirent
384 1845 561 1927 legitImum
572 1864 701 1926 prorsus
717 1846 766 1923 sit,
777 1847 871 1910 verbo
880 1844 1025 1928 sperandi
1037 1844 1188 1909 audacius
1201 1844 1384 1909 adiunctum

159 1950 208 2012 est
230 1967 266 2012 ex
289 1949 495 2012 similitudine
518 1951 697 2013 structurae
720 1967 849 2030 sperare
870 1951 907 2009 at
936 1949 1004 2028 (cfr.
1027 1948 1160 2012 Kuhner
1182 1943 1218 2009 Π
1240 1944 1319 2027 807)
1340 1942 1385 2008 VI

160 2054 188 2128 6,
211 2050 246 2115 1.-
269 2068 402 2132 sperans
424 2068 463 2112 ne
480 2070 570 2114 amor
656 2054 811 2114 tenuetur.
857 2070 951 2133 quem
979 2053 1084 2116 locum
1113 2052 1213 2134 intpp.
1237 2051 1286 2114 illi
1309 2048 1384 2114 Gall.

158 2156 288 2219 verbum
311 2155 456 2237 sperandi
477 2174 533 2237 per
555 2155 759 2238 εὐφημισμὸν
781 2175 836 2240 pro
860 2156 954 2220 verbo
984 2154 1117 2219 timendi
1139 2154 1281 2237 positum
1305 2152 1385 2217 arbi·

160 2257 237 2322 trati
271 2259 454 2321 verterunt:
480 2257 515 2338 jo
544 2277 585 2320 ne
621 2257 729 2321 crains
759 2278 819 2338 qm
903 2262 936 2322 et
970 2260 1057 2323 extat
1087 2259 1147 2321 hoc
1176 2258 1309 2322 verbum
1338 2274 1385 2338 ep.
1425 2280 1428 2288 ·

161 2361 225 2424 Sid.
254 2360 302 2424 bis
324 2378 381 2441 pro
410 2362 504 2426 verbo
530 2363 663 2427 timendi
686 2363 826 2446 positum
855 2359 917 2425 VII
942 2364 969 2438 7,
993 2363 1027 2425 6:
1057 2357 1126 2422 alia
1154 2357 1240 2440 repio
1266 2357 1387 2420 tradita

160 2460 324 2525 seruitium
339 2466 454 2546 sperat,
469 2463 618 2527 Arverna
633 2463 823 2544 suppliciam
840 2468 871 2530 et
888 2467 916 2541 7,
928 2466 1006 2528 370:
1028 2461 1233 2526 Aremoricus
1241 2460 1387 2540 piratam

160 2563 291 2628 &norm
313 2569 435 2629 tractus
456 2568 612 2646 sperabat.
658 2588 676 2632 a
698 2588 760 2650 qua
776 2568 941 2634 Gallorum
962 2567 1223 2649 interpretatione
1240 2566 1387 2647 quoniam

161 2688 199 2734 ea
228 2689 308 2751 quae
331 2674 507 2751 sequuntur
537 2673 726 2755 discrepant,
756 2672 848 2735 Pauli
878 2671 970 2734 Mohr
1000 2671 1176 2734 sententiis
1207 2687 1304 2750 quam
1331 2686 1388 2732 uos

160 2774 222 2856 ipsi
244 2774 311 2837 eius
333 2775 440 2838 libello
461 2774 603 2840 nondum
625 2776 766 2858 iuspecto
790 2776 822 2837 in
844 2773 972 2838 scidulis
994 2774 1111 2837 nostris
1126 2772 1388 2854 Inscripseramus

163 2878 374 2941 assentiemur
396 2878 448 2960 qui
472 2899 501 2960 p.
519 2880 538 2942 9
560 2879 605 2944 ita
629 2879 762 2961 explicat
784 2879 868 2941 hunc
889 2877 995 2941 locum
1019 2879 1054 2939 ut
1076 2875 1239 2940 Sidonium
1262 2877 1390 2940 censeat

163 2999 287 3062 sperare
309 2978 378 3058 fore
399 2982 436 3041 at
456 2978 547 3042 illins
572 2999 662 3043 amor
683 2979 743 3043 sibi
765 2977 857 3042 semel
879 2977 1017 3041 tributus
1037 2996 1204 3058 nunquam
1222 2995 1325 3056 neque
1347 2975 1390 3040 lo-

163 3099 268 3144 corum
295 3079 524 3163 lonqinqnitate
546 3102 645 3163 nequo
673 3083 834 3146 absentiae
864 3081 1078 3144 diuturnitate
1107 3079 1284 3163 minuatur,
1314 3079 1390 3162 quia

163 3181 324 3247 bominum
345 3185 432 3247 inter
453 3185 620 3248 securitas
640 3184 740 3248 nullis
762 3186 922 3267 reqionum
939 3182 1214 3247 circumscribatur
1236 3183 1389 3246 terminis.

250 3308 342 3366 non,
364 3308 452 3366 nec,
475 3309 615 3371 neque.
664 3289 696 3371 a)
728 3310 805 3354 non
828 3290 1010 3353 adiunctum
1029 3287 1223 3368 imperativis
1246 3289 1296 3352 vel
1319 3306 1390 3351 oon-

165 3393 314 3457 iunetivis
336 3393 545 3458 adhortatiuis
570 3397 602 3458 et
626 3395 773 3476 optativis
796 3413 851 3476 pro
874 3391 1145 3456 contrusus:
1167 3387 1391 3469 Euodiumque

164 3493 263 3557 libens
284 3514 348 3557 nan
369 3514 544 3573 aspernare
566 3494 714 3559 clientem.
759 3496 820 3560 VH
836 3497 864 3572 7,
881 3498 915 3560 6:
938 3494 967 3556 si
988 3512 1100 3556 murus
1120 3495 1226 3555 noster
1244 3491 1391 3571 aperitur

164 3596 312 3675 hostibus,
336 3618 399 3661 non
421 3598 463 3660 sit
485 3597 613 3661 dausns
634 3602 734 3662 uester
756 3596 938 3680 bospitibas.
984 3600 1013 3674 9,
1034 3597 1113 3661 344:
1136 3613 1200 3658 non
1222 3596 1251 3656 te
1273 3596 1391 3657 terreat
1404 3628 1435 3650 «ψ.

164 3699 215 3763 lic
243 3699 340 3763 nimis
364 3701 500 3781 peritus.
556 3706 606 3780 23,
639 3704 693 3766 74:
727 3701 782 3765 sed
809 3721 874 3764 non
903 3698 978 3763 binc
1005 3698 1133 3762 oidcare
1163 3697 1245 3778 forte
1276 3696 1390 3776 turpis.

165 3809 340 3871 et-nou
364 3825 419 3888 pro
448 3824 524 3867 nece
552 3807 597 3869 IV
619 3807 669 3883 23,
693 3809 728 3869 2:
759 3823 831 3885 ropo
854 3823 925 3884 erpo
946 3803 991 3866 sis
1013 3801 1144 3865 clemens
1165 3803 1195 3863 et
1218 3798 1324 3863 Deam
1345 3818 1392 3861 se-

165 3927 264 3990 quens
284 3928 349 3971 non
370 3906 485 3972 babeas
575 3928 672 3973 ream.
718 3911 768 3985 22,
794 3909 850 3972 14:
879 3906 994 3968 ludant
1015 3908 1045 3968 ot
1066 3901 1199 3966 tremulo
1220 3921 1284 3965 non
1305 3921 1392 3964 rum-

164 4015 245 4094 pant
274 4011 397 4074 cantica
432 4010 526 4074 salta.
580 4033 652 4078 neo
680 4016 713 4076 et
740 4031 873 4094 neque
900 4031 956 4095 pro
985 4028 1060 4072 neoc
1090 4007 1195 4084 1110,
1223 4008 1258 4071 6:
1293 4004 1393 4086 ipitar

166 4114 306 4178 incumbe
328 4135 427 4195 neque
456 4115 546 4196 apud
566 4119 595 4178 te
624 4114 817 4178 litterariam
839 4132 948 4175 caram
970 4111 1065 4175 turba
1087 4107 1239 4190 depretiet
1264 4106 1393 4186 imperi·

166 4221 279 4282 torum.
335 4219 396 4283 VII
419 4220 447 4297 7,
477 4221 512 4283 6:
554 4217 633 4299 quin
657 4216 768 4297 potins
801 4216 949 4298 ipnoscite
981 4213 1116 4294 afflictis
1151 4229 1208 4275 nec
1239 4211 1393 4290 imputate

166 4320 386 4385 maerentibus.
435 4322 510 4387 VIII
533 4324 583 4400 10,
606 4323 641 4386 4:
664 4319 741 4383 areis
762 4319 883 4383 medere
906 4314 1112 4400 lanquoribns
1132 4334 1232 4396 noque
1318 4333 1393 4394 pre-
