3090 4898
745 237 787 300 64

155 429 302 490 tumere
324 421 372 487 IV
396 423 446 501 14,
469 425 508 488 3:
541 421 577 484 iu
599 422 722 485 ordiuis
743 423 846 486 uostri
866 423 955 500 uiris,
986 424 1045 487 etsi
1073 423 1178 488 adbuc
1198 424 1327 506 aliquid
1346 426 1381 489 de

155 524 348 608 ueplepcutia
374 525 554 606 lutetiam
585 528 689 589 tomeu
711 525 795 588 555555
815 526 853 589 de
874 527 1023 609 superbia
1046 528 1180 611 tumet.¹)
1226 531 1381 595 formari

154 630 189 694 Π
209 631 258 708 11,
275 634 311 694 25
333 628 457 711 peruios
476 627 656 692 litterarum
671 629 708 692 de
722 628 910 709 disu'pliuue
926 633 1000 693 tuae
1010 631 1210 695 iustitutioue
1220 632 1380 713 formatos.

155 736 298 800 habere
322 734 380 797 VII
406 733 446 797 17
470 753 495 798 c.
517 733 575 796 265
605 751 686 812 quoe
708 731 849 813 lauipero
867 732 904 795 de
927 752 982 796 sue
1003 753 1114 798 uomeu
1137 733 1259 801 babeut.
1306 757 1382 801 ma-

155 839 241 902 dere
264 839 314 913 22,
339 839 398 901 25:
425 834 530 897 555555
551 833 657 896 ardua
679 835 784 898 ceroiu
806 833 922 899 Sudati
944 836 981 898 dc
1003 857 1073 900 rore
1095 838 1183 900 meri.
1229 857 1381 904 manare

154 938 188 1002 Π
201 943 229 1017 5,
246 942 285 1003 25
309 938 346 1000 de
360 939 456 1018 toute.
495 939 658 1020 migrare
679 940 727 1015 15,
744 941 802 1003 97:
825 936 986 1002 Socratica
1001 943 1085 1002 secta
1097 960 1178 1021 quoe
1193 941 1231 1004 cle
1244 944 1382 1003 uaturae

152 1041 289 1121 paudere
315 1041 467 1121 mipraus.
573 1043 742 1105 mutuari
768 1039 786 1103 I
809 1044 836 1119 5,
861 1043 895 1106 7:
929 1041 1121 1106 Rubiconem
1152 1042 1209 1122 qui
1231 1041 1382 1124 oripiuem

153 1145 275 1208 uomiui
292 1143 329 1206 de
349 1142 535 1224 plurearum
551 1142 686 1223 puuiceo
708 1141 807 1206 colore
828 1144 1042 1208 mutuabatur.
1088 1146 1114 1208 V
1140 1147 1189 1224 11,
1213 1149 1253 1211 35
1282 1145 1381 1208 maci

152 1268 236 1311 mam
252 1267 300 1310 me
317 1244 488 1326 formulam
505 1245 589 1309 ritae
611 1245 648 1308 cle
669 1245 808 1310 moribus
829 1246 894 1308 tuis
914 1250 1145 1311 mutuaturum.
1179 1247 1380 1327 15Π116,25

153 1348 202 1414 555
224 1350 261 1413 de
284 1349 389 1413 trioiis
409 1347 626 1430 compitalibus
641 1352 829 1414 mutuatum.
867 1353 978 1416 nasci
1000 1349 1048 1414 IV
1067 1354 1114 1423 13,
1133 1353 1170 1415 45
1193 1351 1271 1415 rubo
1294 1371 1381 1431 quem

153 1454 190 1516 de
212 1454 294 1516 rosis
315 1456 429 1516 uatum
538 1472 671 1536 parere
693 1451 723 1516 V
747 1456 775 1530 2,
799 1451 834 1516 1:
868 1450 1081 1516 Camenarum
1106 1473 1188 1534 quae
1213 1454 1381 1535 propriam

153 1557 190 1620 cle
212 1577 244 1620 se
262 1556 322 1620 sibi
335 1555 471 1638 pariuut
489 1554 763 1636 uuucupatioucm.
808 1558 899 1638 peti
921 1556 982 1634 17,
1006 1559 1043 1620 3:
1061 1555 1137 1634 pati
1159 1555 1196 1618 de
1218 1576 1380 1620 occurrere

156 1664 222 1723 tum
241 1659 378 1721 raritate
400 1657 615 1737 suspioimrm,
637 1656 674 1719 de
696 1657 884 1720 assiduitate
905 1657 1082 1737 fastidium.
1119 1658 1150 1724 V·
1173 1662 1201 1738 4,
1225 1663 1263 1725 25
1287 1660 1380 1741 quod

153 1763 226 1824 dom
251 1761 427 1842 putiuutur
458 1761 495 1822 de
524 1764 634 1824 uostra
663 1759 831 1823 sedulitate
857 1760 1038 1840 fastidium
1069 1761 1135 1826 VH
1160 1762 1188 1841 1,
1213 1764 1252 1828 15
1285 1763 1381 1827 solum

152 1884 272 1928 moram
368 1864 405 1926 de
442 1867 553 1927 uostru
582 1867 708 1926 tautum
735 1863 816 1926 obice
844 1863 1030 1942 patiuutur.
1076 1885 1221 1948 rapere
1253 1870 1303 1945 16,
1328 1871 1379 1932 665

152 1968 190 2030 de
210 1971 307 2031 morte
330 1967 394 2050 (22,
425 1969 467 2031 54
489 1972 521 2032 et
543 1970 593 2043 23,
622 1969 684 2030 352
708 1987 803 2032 sensu
826 1967 939 2048 locali).
979 1969 1201 2033 rubescere
1224 1971 1275 2050 22,
1306 1969 1380 2032 1665

154 2074 315 2150 certasque
342 2069 501 2133 rubescere
531 2067 645 2152 plopas
670 2068 852 2149 Suupuiueo
880 2069 917 2132 de
946 2090 1017 2132 rore
1046 2069 1134 2132 meri.
1183 2073 1381 2155 splendere

157 2174 204 2251 11,
229 2173 307 2236 1045
342 2171 482 2254 spleudet
510 2173 679 2254 perspicuo
712 2172 820 2235 radios
854 2175 925 2236 roto
953 2171 1097 2254 marpiue
1128 2172 1255 2254 clupeus
1289 2174 1382 2238 Mor-

153 2275 292 2362 maricue
313 2274 351 2337 de
372 2274 466 2354 fauce
487 2276 584 2355 ferae.
627 2295 786 2341 sumere
810 2277 853 2339 IV
875 2277 912 2340 11
939 2296 964 2341 5.
981 2276 1039 2341 205
1067 2296 1143 2339 uam
1165 2276 1202 2339 do
1221 2274 1396 2356 poutificis'

153 2382 259 2441 teucro
285 2377 399 2441 summi
429 2376 493 2441 [lle
522 2377 665 2459 iusipuia
694 2377 838 2459 sumpsit,
868 2376 919 2440 bic
947 2377 1091 2441 laborem.
1139 2399 1309 2462 surgere
1332 2381 1383 2458 22,

156 2483 233 2547 1275
257 2480 365 2544 domus
387 2480 425 2543 de
446 2480 578 2558 55555555
600 2485 745 2563 surpuut.
788 2482 937 2546 timere
959 2481 1023 2546 VII
1048 2483 1095 2560 16,
1121 2485 1155 2546 15
1186 2500 1272 2544 5555
1293 2483 1384 2562 peri-

153 2583 259 2647 culum
287 2582 324 2645 de
346 2583 459 2646 oioiuis
481 2582 567 2646 timet
589 2602 674 2646 uuuc
699 2582 854 2646 iuvidiam
876 2582 913 2646 de
937 2584 1095 2663 patrouis.
1141 2587 1310 2650 trahere
1333 2584 1386 2649 IX

154 2687 204 2766 12,
228 2689 266 2751 1;
298 2684 418 2768 papiria
436 2705 517 2765 quoe
539 2685 640 2748 trabit
668 2685 801 2748 multam
822 2684 1063 2749 similitudmem
1085 2687 1123 2750 de
1144 2685 1210 2750 sale
1237 2687 1386 2770 Hispano

154 2790 198 2872 (7,
221 2790 260 2855 45
285 2809 379 2854 seusu
402 2786 519 2870 locali).
563 2791 705 2854 venire
727 2789 760 2854 Π
777 2791 826 2866 11,
842 2790 878 2852 25
902 2789 1070 2853 raritatem
1084 2789 1230 2871 colloquii
1252 2790 1291 2853 de
1308 2810 1387 2872 pro

153 2893 223 2956 lira
252 2897 412 2956 terrarum
441 2891 655 2955 iuteriectioue
683 2891 862 2955 oeuieutem.
908 2891 1105 2970 17119,175
1134 2893 1172 2955 de
1193 2892 1388 2956 sacerdotali

152 2998 251 3079 stirpe
276 2993 426 3059 ueuicbut.
472 2999 500 3073 5,
525 2996 601 3060 5215
634 2994 741 3076 fripus
769 2994 807 3056 de
836 2997 935 3058 morte
957 2995 1049 3059 acuit.
1096 2996 1145 3072 lo,
1170 2998 1208 3061 7:
1241 2995 1388 3076 upmpba

151 3099 279 3162 ueuieus
300 3099 337 3164 de
357 3098 489 3181 purpite.
540 3099 758 3163 vindicare
786 3099 869 3162 sibi
900 3098 944 3161 IV
969 3100 1017 3175 13,
1041 3099 1079 3161 25
1108 3097 1207 3162 solum
1230 3097 1292 3161 sibi
1314 3099 1387 3161 cim

152 3201 241 3277 dicat
259 3202 296 3266 dc
317 3204 472 3265 seueetute
494 3201 709 3263 repercutiam.

238 3303 272 3388 d)
301 3326 374 3372 curn
396 3307 498 3371 verbis
528 3309 560 3371 et
594 3304 803 3370 substantivis
831 3322 885 3385 pro
917 3303 987 3367 aliis
1016 3304 1303 3388 praepositionibus
1333 3308 1387 3370 vel

153 3410 347 3492 simplicibus
371 3409 508 3474 casibus:

239 3511 421 3576 diffidere
444 3512 504 3575 1711
529 3510 556 3588 1,
580 3512 615 3574 45
639 3509 676 3572 de
695 3507 771 3573 Deo.
811 3510 913 3588 OEutr.
932 3507 985 3572 ΙΠ
1007 3510 1064 3574 185
1094 3506 1225 3571 debelii
1247 3512 1385 3590 ereutu).

152 3613 352 3697 *incipere
384 3615 486 3692 1116,
514 3617 550 3678 35
585 3612 623 3674 de
648 3610 916 3693 5555555515,
946 3612 982 3676 15
1022 3610 1132 3675 ordiar
1159 3629 1185 3674 a
1211 3611 1386 3695 secuudis).

153 3719 323 3783 *mederi
346 3715 456 3795 17Π6,
475 3721 506 3781 15
529 3714 686 3796 iuiquitas
708 3734 776 3776 mea
799 3717 891 3777 ttauu
913 3717 1003 3828 estu
980 3712 1156 3776 utmederi
1178 3711 1385 3793 delapsuum

152 3820 220 3882 eius
255 3818 428 3882 assiduitat
380 3822 444 3882 tate
480 3818 535 3881 oia
570 3818 665 3881 etiam
689 3820 777 3887 tuoe
815 3816 961 3896 supplica
962 3817 1059 3880 tiouis
1095 3815 1241 3896 efficacia
1277 3821 1384 3896 queat

153 3924 400 3988 *vindicare
429 3920 464 3984 ΙΙ
487 3923 536 3999 16,
560 3920 594 3985 15
630 3939 748 3982 meram
771 3917 899 4000 liupuue
921 3919 1068 3983 Latiaris
1088 3917 1315 4001 proprietatem
1345 3919 1384 3983 de

152 4023 330 4088 trivialium
365 4024 631 4088 barbarismorum
667 4022 806 4104 robipiue
845 4021 1007 4085 oiudicare
1044 4023 1142 4101 (Hier.
1177 4040 1223 4105 ep.
1254 4021 1312 4100 22,
1346 4026 1382 4088 5:

220 4258 1182 4329 1)55111115111155111111111515511115555551111511111111115.511.Ι111551511.ρ
1197 4261 1259 4312 4615
1277 4258 1317 4326 fet
1322 4275 1383 4312 are

151 4347 184 4401 55
164 4347 301 4400 utrausit
287 4365 329 4400 ure
347 4347 411 4416 quid
431 4347 484 4401 sibi
502 4346 588 4402 velint
604 4364 657 4401 uon
674 4346 861 4416 perspicimus
