<?xml version="1.0" encoding="UTF-8"?>
<!DOCTYPE html PUBLIC "-//W3C//DTD XHTML 1.0 Transitional//EN"
    "http://www.w3.org/TR/xhtml1/DTD/xhtml1-transitional.dtd">
<html xmlns="http://www.w3.org/1999/xhtml" xml:lang="en" lang="en">
 <head>
  <title>
</title>
<meta http-equiv="Content-Type" content="text/html;charset=utf-8" />
  <meta name='ocr-system' content='tesseract 3.04.00' />
  <meta name='ocr-capabilities' content='ocr_page ocr_carea ocr_par ocr_line ocrx_word'/>
</head>
<body>
  <div class='ocr_page' id='page_1' title='image "./deapollinarissi01mlgoog_0097.png"; bbox 0 0 3090 4898; ppageno 0'>
   <div class='ocr_carea' id='block_1_1' title="bbox 805 205 846 269">
    <p class='ocr_par' dir='ltr' id='par_1_1' title="bbox 805 205 846 269">
     <span class='ocr_line' id='line_1_1' title="bbox 805 205 846 269; baseline -0.024 0"><span class='ocrx_word' id='word_1_1' title='bbox 805 205 846 269; x_wconf 88' lang='lat'>90</span> 
     </span>
    </p>
   </div>
   <div class='ocr_carea' id='block_1_2' title="bbox 185 389 1453 1400">
    <p class='ocr_par' dir='ltr' id='par_1_2' title="bbox 185 389 1453 1400">
     <span class='ocr_line' id='line_1_2' title="bbox 213 389 1451 473; baseline -0.003 -17"><span class='ocrx_word' id='word_1_2' title='bbox 213 392 295 473; x_wconf 92' lang='lat' dir='ltr'>quod</span> <span class='ocrx_word' id='word_1_3' title='bbox 326 410 422 473; x_wconf 87' lang='lat' dir='ltr'>quem</span> <span class='ocrx_word' id='word_1_4' title='bbox 453 392 606 454; x_wconf 88' lang='lat' dir='ltr'>rationem</span> <span class='ocrx_word' id='word_1_5' title='bbox 636 390 689 456; x_wconf 94' lang='lat' dir='ltr'>ille</span> <span class='ocrx_word' id='word_1_6' title='bbox 722 394 805 455; x_wconf 89' lang='lat' dir='ltr'>esset</span> <span class='ocrx_word' id='word_1_7' title='bbox 833 394 961 456; x_wconf 90' lang='lat' dir='ltr'>secutus</span> <span class='ocrx_word' id='word_1_8' title='bbox 995 391 1027 454; x_wconf 92' lang='lat' dir='ltr'>in</span> <span class='ocrx_word' id='word_1_9' title='bbox 1058 395 1238 473; x_wconf 89' lang='lat' dir='ltr'>temporum</span> <span class='ocrx_word' id='word_1_10' title='bbox 1267 389 1451 455; x_wconf 81' lang='lat' dir='ltr'><strong>mutatione</strong></span> 
     </span>
     <span class='ocr_line' id='line_1_3' title="bbox 213 492 1453 578; baseline -0.003 -19"><span class='ocrx_word' id='word_1_11' title='bbox 213 514 305 575; x_wconf 82' lang='lat' dir='ltr'>aegre</span> <span class='ocrx_word' id='word_1_12' title='bbox 328 495 569 578; x_wconf 76' lang='lat' dir='ltr'>perspiceretur.</span> <span class='ocrx_word' id='word_1_13' title='bbox 606 495 727 559; x_wconf 90' lang='lat' dir='ltr'>accedit</span> <span class='ocrx_word' id='word_1_14' title='bbox 749 495 832 576; x_wconf 90' lang='lat' dir='ltr'>quod</span> <span class='ocrx_word' id='word_1_15' title='bbox 848 494 992 576; x_wconf 90' lang='lat' dir='ltr'>opinione</span> <span class='ocrx_word' id='word_1_16' title='bbox 1008 493 1157 576; x_wconf 90' lang='lat' dir='ltr'>pauciora</span> <span class='ocrx_word' id='word_1_17' title='bbox 1176 496 1286 557; x_wconf 85' lang='lat' dir='ltr'>extant</span> <span class='ocrx_word' id='word_1_18' title='bbox 1302 492 1453 574; x_wconf 81' lang='lat' dir='ltr'>exempla</span> 
     </span>
     <span class='ocr_line' id='line_1_4' title="bbox 212 596 1452 680; baseline -0.002 -20"><span class='ocrx_word' id='word_1_19' title='bbox 212 598 384 660; x_wconf 91' lang='lat' dir='ltr'>licentioris</span> <span class='ocrx_word' id='word_1_20' title='bbox 408 600 464 661; x_wconf 92' lang='lat' dir='ltr'>aut</span> <span class='ocrx_word' id='word_1_21' title='bbox 490 615 604 678; x_wconf 86' lang='lat' dir='ltr'>pravae</span> <span class='ocrx_word' id='word_1_22' title='bbox 628 600 804 680; x_wconf 89' lang='lat' dir='ltr'>temporum</span> <span class='ocrx_word' id='word_1_23' title='bbox 835 597 1073 662; x_wconf 81' lang='lat' dir='ltr'>consecutionis.</span> <span class='ocrx_word' id='word_1_24' title='bbox 1119 615 1155 660; x_wconf 90' lang='lat' dir='ltr'>ae</span> <span class='ocrx_word' id='word_1_25' title='bbox 1177 614 1217 658; x_wconf 94' lang='lat' dir='ltr'>ne</span> <span class='ocrx_word' id='word_1_26' title='bbox 1247 596 1280 657; x_wconf 95' lang='lat' dir='ltr'>in</span> <span class='ocrx_word' id='word_1_27' title='bbox 1312 596 1452 677; x_wconf 90' lang='lat' dir='ltr'>singulis</span> 
     </span>
     <span class='ocr_line' id='line_1_5' title="bbox 185 697 1451 782; baseline -0.002 -19"><span class='ocrx_word' id='word_1_28' title='bbox 185 742 190 756; x_wconf 47' lang='grc' dir='ltr'>ι</span> <span class='ocrx_word' id='word_1_29' title='bbox 213 701 340 782; x_wconf 91' lang='lat' dir='ltr'>quidem</span> <span class='ocrx_word' id='word_1_30' title='bbox 368 701 564 782; x_wconf 79' lang='lat' dir='ltr'>temporibus</span> <span class='ocrx_word' id='word_1_31' title='bbox 588 700 777 782; x_wconf 87' lang='lat' dir='ltr'>quibusdam</span> <span class='ocrx_word' id='word_1_32' title='bbox 807 704 844 764; x_wconf 93' lang='lat' dir='ltr'>ut</span> <span class='ocrx_word' id='word_1_33' title='bbox 866 699 1050 782; x_wconf 88' lang='lat' dir='ltr'>imperfecto</span> <span class='ocrx_word' id='word_1_34' title='bbox 1080 702 1112 763; x_wconf 93' lang='lat' dir='ltr'>et</span> <span class='ocrx_word' id='word_1_35' title='bbox 1133 697 1451 780; x_wconf 75' lang='lat' dir='ltr'>plusquamperfecto</span> 
     </span>
     <span class='ocr_line' id='line_1_6' title="bbox 214 801 1451 887; baseline -0.002 -22"><span class='ocrx_word' id='word_1_36' title='bbox 214 821 293 883; x_wconf 89' lang='lat' dir='ltr'>quae</span> <span class='ocrx_word' id='word_1_37' title='bbox 315 803 447 885; x_wconf 82' lang='lat' dir='ltr'>perlecti</span> <span class='ocrx_word' id='word_1_38' title='bbox 479 804 547 866; x_wconf 90' lang='lat' dir='ltr'>loco</span> <span class='ocrx_word' id='word_1_39' title='bbox 569 803 673 887; x_wconf 91' lang='lat' dir='ltr'>posita</span> <span class='ocrx_word' id='word_1_40' title='bbox 703 803 892 884; x_wconf 90' lang='lat' dir='ltr'>compluries</span> <span class='ocrx_word' id='word_1_41' title='bbox 914 802 1119 866; x_wconf 89' lang='lat' dir='ltr'>inveniuntur</span> <span class='ocrx_word' id='word_1_42' title='bbox 1148 801 1349 865; x_wconf 85' lang='lat' dir='ltr'>recensendis</span> <span class='ocrx_word' id='word_1_43' title='bbox 1380 820 1451 864; x_wconf 88' lang='lat' dir='ltr'>ver·</span> 
     </span>
     <span class='ocr_line' id='line_1_7' title="bbox 214 903 1450 985; baseline 0 -18"><span class='ocrx_word' id='word_1_44' title='bbox 214 906 274 968; x_wconf 87' lang='lat' dir='ltr'>sati</span> <span class='ocrx_word' id='word_1_45' title='bbox 297 923 415 969; x_wconf 89' lang='lat' dir='ltr'>sumus.</span> <span class='ocrx_word' id='word_1_46' title='bbox 460 905 523 969; x_wconf 92' lang='lat' dir='ltr'>iam</span> <span class='ocrx_word' id='word_1_47' title='bbox 546 906 627 968; x_wconf 89' lang='lat' dir='ltr'>nihil</span> <span class='ocrx_word' id='word_1_48' title='bbox 648 905 735 968; x_wconf 92' lang='lat' dir='ltr'>aliud</span> <span class='ocrx_word' id='word_1_49' title='bbox 756 906 789 968; x_wconf 91' lang='lat' dir='ltr'>in</span> <span class='ocrx_word' id='word_1_50' title='bbox 812 906 916 969; x_wconf 88' lang='lat' dir='ltr'>auimo</span> <span class='ocrx_word' id='word_1_51' title='bbox 939 905 1093 968; x_wconf 91' lang='lat' dir='ltr'>habemus</span> <span class='ocrx_word' id='word_1_52' title='bbox 1112 923 1208 985; x_wconf 88' lang='lat' dir='ltr'>quern</span> <span class='ocrx_word' id='word_1_53' title='bbox 1231 903 1385 967; x_wconf 86' lang='lat' dir='ltr'>disserere</span> <span class='ocrx_word' id='word_1_54' title='bbox 1410 904 1450 967; x_wconf 93' lang='lat' dir='ltr'>de</span> 
     </span>
     <span class='ocr_line' id='line_1_8' title="bbox 213 1007 1449 1090; baseline -0.001 -20"><span class='ocrx_word' id='word_1_55' title='bbox 213 1007 387 1090; x_wconf 83' lang='lat' dir='ltr'>participiis</span> <span class='ocrx_word' id='word_1_56' title='bbox 411 1011 443 1072; x_wconf 91' lang='lat' dir='ltr'>et</span> <span class='ocrx_word' id='word_1_57' title='bbox 465 1009 629 1073; x_wconf 88' lang='lat' dir='ltr'>infinitivo.</span> <span class='ocrx_word' id='word_1_58' title='bbox 674 1007 916 1073; x_wconf 83' lang='lat' dir='ltr'>Sidonianerum</span> <span class='ocrx_word' id='word_1_59' title='bbox 939 1008 1022 1071; x_wconf 90' lang='lat' dir='ltr'>enim</span> <span class='ocrx_word' id='word_1_60' title='bbox 1044 1008 1275 1089; x_wconf 86' lang='lat' dir='ltr'>proprietatum</span> <span class='ocrx_word' id='word_1_61' title='bbox 1297 1007 1330 1070; x_wconf 92' lang='lat' dir='ltr'>in</span> <span class='ocrx_word' id='word_1_62' title='bbox 1353 1008 1449 1070; x_wconf 90' lang='lat' dir='ltr'>uten-</span> 
     </span>
     <span class='ocr_line' id='line_1_9' title="bbox 214 1108 1449 1193; baseline 0 -21"><span class='ocrx_word' id='word_1_63' title='bbox 214 1110 265 1173; x_wconf 90' lang='lat' dir='ltr'>dis</span> <span class='ocrx_word' id='word_1_64' title='bbox 284 1110 458 1193; x_wconf 87' lang='lat' dir='ltr'>participiis</span> <span class='ocrx_word' id='word_1_65' title='bbox 481 1112 514 1174; x_wconf 93' lang='lat' dir='ltr'>in</span> <span class='ocrx_word' id='word_1_66' title='bbox 544 1129 584 1171; x_wconf 87' lang='lat' dir='ltr'>ns</span> <span class='ocrx_word' id='word_1_67' title='bbox 606 1113 637 1175; x_wconf 92' lang='lat' dir='ltr'>et</span> <span class='ocrx_word' id='word_1_68' title='bbox 659 1109 743 1172; x_wconf 86' lang='lat' dir='ltr'>ndns</span> <span class='ocrx_word' id='word_1_69' title='bbox 766 1110 982 1174; x_wconf 91' lang='lat' dir='ltr'>desinentibus</span> <span class='ocrx_word' id='word_1_70' title='bbox 1013 1112 1045 1173; x_wconf 90' lang='lat' dir='ltr'>et</span> <span class='ocrx_word' id='word_1_71' title='bbox 1066 1110 1098 1172; x_wconf 93' lang='lat' dir='ltr'>in</span> <span class='ocrx_word' id='word_1_72' title='bbox 1121 1108 1277 1173; x_wconf 87' lang='lat' dir='ltr'>infinitivo</span> <span class='ocrx_word' id='word_1_73' title='bbox 1301 1127 1320 1172; x_wconf 91' lang='lat' dir='ltr'>a</span> <span class='ocrx_word' id='word_1_74' title='bbox 1343 1109 1449 1173; x_wconf 88' lang='lat' dir='ltr'>verbis</span> 
     </span>
     <span class='ocr_line' id='line_1_10' title="bbox 214 1211 1448 1297; baseline 0 -23"><span class='ocrx_word' id='word_1_75' title='bbox 214 1213 403 1293; x_wconf 86' lang='lat' dir='ltr'>quibusdam</span> <span class='ocrx_word' id='word_1_76' title='bbox 427 1214 582 1295; x_wconf 87' lang='lat' dir='ltr'>pendente</span> <span class='ocrx_word' id='word_1_77' title='bbox 613 1233 714 1295; x_wconf 90' lang='lat' dir='ltr'>neque</span> <span class='ocrx_word' id='word_1_78' title='bbox 738 1214 821 1297; x_wconf 86' lang='lat' dir='ltr'>apud</span> <span class='ocrx_word' id='word_1_79' title='bbox 843 1215 1038 1295; x_wconf 89' lang='lat' dir='ltr'>Draegerum</span> <span class='ocrx_word' id='word_1_80' title='bbox 1068 1231 1171 1293; x_wconf 89' lang='lat' dir='ltr'>neque</span> <span class='ocrx_word' id='word_1_81' title='bbox 1202 1213 1285 1296; x_wconf 87' lang='lat' dir='ltr'>apud</span> <span class='ocrx_word' id='word_1_82' title='bbox 1308 1211 1448 1276; x_wconf 83' lang='lat' dir='ltr'>Nauium</span> 
     </span>
     <span class='ocr_line' id='line_1_11' title="bbox 215 1308 1450 1400; baseline 0 -22"><span class='ocrx_word' id='word_1_83' title='bbox 215 1333 320 1396; x_wconf 89' lang='lat' dir='ltr'>neque</span> <span class='ocrx_word' id='word_1_84' title='bbox 344 1317 425 1398; x_wconf 93' lang='lat' dir='ltr'>apud</span> <span class='ocrx_word' id='word_1_85' title='bbox 449 1317 655 1400; x_wconf 82' lang='lat' dir='ltr'>peculiarium</span> <span class='ocrx_word' id='word_1_86' title='bbox 678 1317 716 1380; x_wconf 89' lang='lat' dir='ltr'>de</span> <span class='ocrx_word' id='word_1_87' title='bbox 731 1317 816 1382; x_wconf 92' lang='lat' dir='ltr'>illius</span> <span class='ocrx_word' id='word_1_88' title='bbox 839 1317 951 1380; x_wconf 86' lang='lat' dir='ltr'>aetatis</span> <span class='ocrx_word' id='word_1_89' title='bbox 966 1316 1127 1380; x_wconf 85' lang='lat' dir='ltr'>latinitate</span> <span class='ocrx_word' id='word_1_90' title='bbox 1143 1308 1321 1380; x_wconf 92' lang='lat' dir='ltr'>libellorum</span> <span class='ocrx_word' id='word_1_91' title='bbox 1338 1319 1450 1380; x_wconf 87' lang='lat' dir='ltr'>aucto-</span> 
     </span>
    </p>
   </div>
   <div class='ocr_carea' id='block_1_3' title="bbox 95 1419 1031 1501">
    <p class='ocr_par' dir='ltr' id='par_1_3' title="bbox 95 1419 1031 1501">
     <span class='ocr_line' id='line_1_12' title="bbox 95 1419 1031 1501; baseline 0.002 -21"><span class='ocrx_word' id='word_1_92' title='bbox 95 1489 97 1493; x_wconf 14' lang='lat'>!</span> <span class='ocrx_word' id='word_1_93' title='bbox 213 1436 263 1481; x_wconf 92' lang='lat' dir='ltr'>res</span> <span class='ocrx_word' id='word_1_94' title='bbox 286 1419 363 1482; x_wconf 90' lang='lat' dir='ltr'>satis</span> <span class='ocrx_word' id='word_1_95' title='bbox 386 1439 455 1484; x_wconf 91' lang='lat' dir='ltr'>esse</span> <span class='ocrx_word' id='word_1_96' title='bbox 476 1420 632 1484; x_wconf 90' lang='lat' dir='ltr'>rationem</span> <span class='ocrx_word' id='word_1_97' title='bbox 654 1421 796 1485; x_wconf 87' lang='lat' dir='ltr'>habitam</span> <span class='ocrx_word' id='word_1_98' title='bbox 818 1420 1031 1501; x_wconf 85' lang='lat' dir='ltr'>cognorimus.</span> 
     </span>
    </p>
   </div>
   <div class='ocr_carea' id='block_1_4' title="bbox 531 1628 1121 1758">
    <p class='ocr_par' dir='ltr' id='par_1_4' title="bbox 531 1628 1121 1758">
     <span class='ocr_line' id='line_1_13' title="bbox 531 1628 1121 1758; baseline -0.012 -17"><span class='ocrx_word' id='word_1_99' title='bbox 531 1675 626 1755; x_wconf 64' lang='lat' dir='ltr'>§dte</span> <span class='ocrx_word' id='word_1_100' title='bbox 671 1675 723 1742; x_wconf 86' lang='lat' dir='ltr'>De</span> <span class='ocrx_word' id='word_1_101' title='bbox 746 1628 1019 1758; x_wconf 86' lang='lat' dir='ltr'>participiorum</span> <span class='ocrx_word' id='word_1_102' title='bbox 1044 1691 1121 1740; x_wconf 89' lang='lat' dir='ltr'>usu.</span> 
     </span>
    </p>
   </div>
   <div class='ocr_carea' id='block_1_5' title="bbox 213 1826 1453 4378">
    <p class='ocr_par' dir='ltr' id='par_1_5' title="bbox 213 1826 1450 2324">
     <span class='ocr_line' id='line_1_14' title="bbox 299 1826 1449 1913; baseline 0 -21"><span class='ocrx_word' id='word_1_103' title='bbox 299 1829 338 1892; x_wconf 88' lang='grc' dir='ltr'>Α.</span> <span class='ocrx_word' id='word_1_104' title='bbox 382 1830 606 1913; x_wconf 88' lang='lat' dir='ltr'>participia</span> <span class='ocrx_word' id='word_1_105' title='bbox 628 1832 661 1893; x_wconf 94' lang='lat' dir='ltr'>in</span> <span class='ocrx_word' id='word_1_106' title='bbox 683 1847 723 1892; x_wconf 90' lang='lat' dir='ltr'>ns</span> <span class='ocrx_word' id='word_1_107' title='bbox 738 1831 884 1895; x_wconf 85' lang='lat' dir='ltr'>exeuntia</span> <span class='ocrx_word' id='word_1_108' title='bbox 907 1826 939 1911; x_wconf 86' lang='lat' dir='ltr'>a)</span> <span class='ocrx_word' id='word_1_109' title='bbox 963 1849 1018 1912; x_wconf 90' lang='lat' dir='ltr'>pro</span> <span class='ocrx_word' id='word_1_110' title='bbox 1043 1830 1171 1912; x_wconf 85' lang='lat' dir='ltr'>partica.</span> <span class='ocrx_word' id='word_1_111' title='bbox 1187 1832 1324 1912; x_wconf 87' lang='lat' dir='ltr'>praeter.</span> <span class='ocrx_word' id='word_1_112' title='bbox 1340 1829 1449 1911; x_wconf 89' lang='lat' dir='ltr'>posita</span> 
     </span>
     <span class='ocr_line' id='line_1_15' title="bbox 214 1930 1448 2013; baseline -0.001 -19"><span class='ocrx_word' id='word_1_113' title='bbox 214 1930 263 1995; x_wconf 95' lang='grc' dir='ltr'>ΙΙΙ</span> <span class='ocrx_word' id='word_1_114' title='bbox 282 1935 310 2009; x_wconf 85' lang='grc'>5,</span> <span class='ocrx_word' id='word_1_115' title='bbox 335 1932 369 1993; x_wconf 83' lang='lat'>2:</span> <span class='ocrx_word' id='word_1_116' title='bbox 392 1950 491 2011; x_wconf 84' lang='lat' dir='ltr'>usqne</span> <span class='ocrx_word' id='word_1_117' title='bbox 512 1932 548 1994; x_wconf 93' lang='lat' dir='ltr'>in</span> <span class='ocrx_word' id='word_1_118' title='bbox 571 1932 687 1995; x_wconf 89' lang='lat' dir='ltr'>obitum</span> <span class='ocrx_word' id='word_1_119' title='bbox 708 1931 814 1994; x_wconf 86' lang='lat' dir='ltr'>uitrici</span> <span class='ocrx_word' id='word_1_120' title='bbox 836 1951 938 2013; x_wconf 85' lang='lat' dir='ltr'>nuper</span> <span class='ocrx_word' id='word_1_121' title='bbox 959 1931 1026 1994; x_wconf 87' lang='lat' dir='ltr'>uita</span> <span class='ocrx_word' id='word_1_122' title='bbox 1049 1930 1223 1995; x_wconf 87' lang='lat' dir='ltr'>decedentis</span> <span class='ocrx_word' id='word_1_123' title='bbox 1239 1958 1280 1984; x_wconf 93' lang='lat'>=</span> <span class='ocrx_word' id='word_1_124' title='bbox 1296 1930 1448 1995; x_wconf 86' lang='lat' dir='ltr'>defuncti.</span> 
     </span>
     <span class='ocr_line' id='line_1_16' title="bbox 214 2031 1450 2118; baseline -0.002 -21"><span class='ocrx_word' id='word_1_125' title='bbox 214 2034 259 2097; x_wconf 93' lang='lat' dir='ltr'>IV</span> <span class='ocrx_word' id='word_1_126' title='bbox 283 2035 332 2110; x_wconf 88' lang='grc'>12,</span> <span class='ocrx_word' id='word_1_127' title='bbox 361 2037 396 2097; x_wconf 84' lang='grc'>2;</span> <span class='ocrx_word' id='word_1_128' title='bbox 434 2031 635 2098; x_wconf 72' lang='lat' dir='ltr'>Constantem</span> <span class='ocrx_word' id='word_1_129' title='bbox 661 2055 720 2118; x_wconf 80' lang='lat' dir='ltr'>pro</span> <span class='ocrx_word' id='word_1_130' title='bbox 749 2035 871 2114; x_wconf 78' lang='lat' dir='ltr'>foribus</span> <span class='ocrx_word' id='word_1_131' title='bbox 901 2033 968 2097; x_wconf 87' lang='lat' dir='ltr'>uidi</span> <span class='ocrx_word' id='word_1_132' title='bbox 1005 2054 1026 2096; x_wconf 90' lang='lat' dir='ltr'>a</span> <span class='ocrx_word' id='word_1_133' title='bbox 1062 2034 1197 2097; x_wconf 90' lang='lat' dir='ltr'>dominis</span> <span class='ocrx_word' id='word_1_134' title='bbox 1225 2031 1388 2115; x_wconf 80' lang='lat' dir='ltr'>Simplicio</span> <span class='ocrx_word' id='word_1_135' title='bbox 1418 2037 1450 2095; x_wconf 86' lang='lat' dir='ltr'>et</span> 
     </span>
     <span class='ocr_line' id='line_1_17' title="bbox 214 2134 1450 2217; baseline 0.001 -20"><span class='ocrx_word' id='word_1_136' title='bbox 214 2134 405 2217; x_wconf 84' lang='lat' dir='ltr'>Apollinare</span> <span class='ocrx_word' id='word_1_137' title='bbox 434 2137 614 2200; x_wconf 77' lang='lat' dir='ltr'>redeuntem</span> <span class='ocrx_word' id='word_1_138' title='bbox 643 2164 686 2192; x_wconf 95' lang='lat'><strong><em>=</em></strong></span> <span class='ocrx_word' id='word_1_139' title='bbox 715 2158 884 2203; x_wconf 87' lang='lat' dir='ltr'>reversum.</span> <span class='ocrx_word' id='word_1_140' title='bbox 956 2139 1000 2202; x_wconf 93' lang='lat' dir='ltr'>IV</span> <span class='ocrx_word' id='word_1_141' title='bbox 1025 2137 1074 2215; x_wconf 78' lang='lat'>14,</span> <span class='ocrx_word' id='word_1_142' title='bbox 1098 2141 1135 2201; x_wconf 82' lang='lat'>2:</span> <span class='ocrx_word' id='word_1_143' title='bbox 1176 2137 1205 2199; x_wconf 89' lang='lat' dir='ltr'>si</span> <span class='ocrx_word' id='word_1_144' title='bbox 1235 2140 1264 2198; x_wconf 90' lang='lat' dir='ltr'>te</span> <span class='ocrx_word' id='word_1_145' title='bbox 1294 2135 1450 2199; x_wconf 79' lang='lat' dir='ltr'>hactenns</span> 
     </span>
     <span class='ocr_line' id='line_1_18' title="bbox 213 2237 1342 2324; baseline 0.003 -25"><span class='ocrx_word' id='word_1_146' title='bbox 213 2237 484 2321; x_wconf 76' lang='lat' dir='ltr'>philosophantem</span> <span class='ocrx_word' id='word_1_147' title='bbox 505 2260 586 2304; x_wconf 88' lang='lat' dir='ltr'>noea</span> <span class='ocrx_word' id='word_1_148' title='bbox 607 2240 708 2304; x_wconf 89' lang='lat' dir='ltr'>subito</span> <span class='ocrx_word' id='word_1_149' title='bbox 732 2286 755 2301; x_wconf 86' lang='lat'>..</span> <span class='ocrx_word' id='word_1_150' title='bbox 777 2239 881 2321; x_wconf 83' lang='lat' dir='ltr'>pluria</span> <span class='ocrx_word' id='word_1_151' title='bbox 903 2240 988 2322; x_wconf 85' lang='lat' dir='ltr'>cupit</span> <span class='ocrx_word' id='word_1_152' title='bbox 1009 2265 1053 2293; x_wconf 95' lang='lat'><strong><em>=</em></strong></span> <span class='ocrx_word' id='word_1_153' title='bbox 1075 2241 1342 2324; x_wconf 86' lang='lat' dir='ltr'>philosophatum.</span> 
     </span>
    </p>

    <p class='ocr_par' dir='ltr' id='par_1_6' title="bbox 213 2339 1453 3147">
     <span class='ocr_line' id='line_1_19' title="bbox 301 2339 1451 2427; baseline -0.004 -20"><span class='ocrx_word' id='word_1_154' title='bbox 301 2339 336 2423; x_wconf 85' lang='lat' dir='ltr'>b)</span> <span class='ocrx_word' id='word_1_155' title='bbox 359 2363 453 2408; x_wconf 91' lang='lat' dir='ltr'>sensu</span> <span class='ocrx_word' id='word_1_156' title='bbox 481 2347 606 2427; x_wconf 80' lang='lat' dir='ltr'>passivo</span> <span class='ocrx_word' id='word_1_157' title='bbox 629 2347 799 2427; x_wconf 85' lang='lat' dir='ltr'>usurpata:</span> <span class='ocrx_word' id='word_1_158' title='bbox 831 2344 1152 2408; x_wconf 89' lang='lat' dir='ltr'>amantissimus</span> <span class='ocrx_word' id='word_1_159' title='bbox 1181 2344 1229 2407; x_wconf 88' lang='lat' dir='ltr'>IX</span> <span class='ocrx_word' id='word_1_160' title='bbox 1252 2345 1301 2418; x_wconf 84' lang='grc'>14,</span> <span class='ocrx_word' id='word_1_161' title='bbox 1325 2345 1364 2405; x_wconf 87' lang='grc'>2;</span> <span class='ocrx_word' id='word_1_162' title='bbox 1397 2339 1451 2421; x_wconf 75' lang='lat' dir='ltr'>pti</span> 
     </span>
     <span class='ocr_line' id='line_1_20' title="bbox 213 2444 1452 2533; baseline 0.002 -27"><span class='ocrx_word' id='word_1_163' title='bbox 213 2444 440 2509; x_wconf 87' lang='lat' dir='ltr'>amantissime.</span> <span class='ocrx_word' id='word_1_164' title='bbox 485 2467 510 2512; x_wconf 86' lang='lat' dir='ltr'>o.</span> <span class='ocrx_word' id='word_1_165' title='bbox 535 2447 575 2512; x_wconf 88' lang='lat'>14</span> <span class='ocrx_word' id='word_1_166' title='bbox 598 2463 643 2533; x_wconf 89' lang='lat' dir='ltr'>ep.</span> <span class='ocrx_word' id='word_1_167' title='bbox 667 2451 686 2527; x_wconf 62' lang='lat' dir='ltr'>d</span> <span class='ocrx_word' id='word_1_168' title='bbox 711 2449 745 2511; x_wconf 85' lang='lat' dir='ltr'>l:</span> <span class='ocrx_word' id='word_1_169' title='bbox 767 2446 812 2509; x_wconf 89' lang='lat' dir='ltr'>mi</span> <span class='ocrx_word' id='word_1_170' title='bbox 835 2445 963 2522; x_wconf 83' lang='lat' dir='ltr'>Polemi,</span> <span class='ocrx_word' id='word_1_171' title='bbox 985 2445 1090 2527; x_wconf 81' lang='lat' dir='ltr'>frater</span> <span class='ocrx_word' id='word_1_172' title='bbox 1110 2445 1335 2508; x_wconf 88' lang='lat' dir='ltr'>amantissime.</span> <span class='ocrx_word' id='word_1_173' title='bbox 1381 2464 1452 2508; x_wconf 92' lang='lat' dir='ltr'>re-</span> 
     </span>
     <span class='ocr_line' id='line_1_21' title="bbox 215 2545 1452 2631; baseline -0.003 -20"><span class='ocrx_word' id='word_1_174' title='bbox 215 2551 512 2615; x_wconf 89' lang='lat' dir='ltr'>verentissimus</span> <span class='ocrx_word' id='word_1_175' title='bbox 537 2551 562 2613; x_wconf 88' lang='lat' dir='ltr'>V</span> <span class='ocrx_word' id='word_1_176' title='bbox 587 2553 636 2627; x_wconf 72' lang='lat'>14,</span> <span class='ocrx_word' id='word_1_177' title='bbox 659 2552 695 2615; x_wconf 79' lang='lat'>2:</span> <span class='ocrx_word' id='word_1_178' title='bbox 734 2569 871 2630; x_wconf 80' lang='lat' dir='ltr'>quarum</span> <span class='ocrx_word' id='word_1_179' title='bbox 909 2547 1139 2631; x_wconf 78' lang='lat' dir='ltr'>(repetimum)</span> <span class='ocrx_word' id='word_1_180' title='bbox 1176 2546 1265 2612; x_wconf 85' lang='lat' dir='ltr'>nohis</span> <span class='ocrx_word' id='word_1_181' title='bbox 1290 2545 1452 2610; x_wconf 83' lang='lat' dir='ltr'>sollemni-</span> 
     </span>
     <span class='ocr_line' id='line_1_22' title="bbox 215 2647 1452 2735; baseline 0 -25"><span class='ocrx_word' id='word_1_182' title='bbox 215 2652 308 2711; x_wconf 88' lang='lat' dir='ltr'>tatem</span> <span class='ocrx_word' id='word_1_183' title='bbox 330 2651 454 2731; x_wconf 87' lang='lat' dir='ltr'>primns</span> <span class='ocrx_word' id='word_1_184' title='bbox 476 2652 656 2716; x_wconf 85' lang='lat' dir='ltr'>Mamertus</span> <span class='ocrx_word' id='word_1_185' title='bbox 683 2655 776 2735; x_wconf 84' lang='lat' dir='ltr'>pater</span> <span class='ocrx_word' id='word_1_186' title='bbox 804 2654 834 2714; x_wconf 90' lang='lat' dir='ltr'>et</span> <span class='ocrx_word' id='word_1_187' title='bbox 861 2650 1009 2732; x_wconf 78' lang='lat' dir='ltr'>pontifen</span> <span class='ocrx_word' id='word_1_188' title='bbox 1030 2650 1278 2714; x_wconf 84' lang='lat' dir='ltr'>reuerentissimo</span> <span class='ocrx_word' id='word_1_189' title='bbox 1308 2647 1452 2731; x_wconf 76' lang='lat' dir='ltr'>exemplo</span> 
     </span>
     <span class='ocr_line' id='line_1_23' title="bbox 216 2749 1453 2836; baseline 0.003 -25"><span class='ocrx_word' id='word_1_190' title='bbox 216 2749 385 2816; x_wconf 85' lang='lat' dir='ltr'>utilissimo</span> <span class='ocrx_word' id='word_1_191' title='bbox 408 2756 618 2834; x_wconf 70' lang='lat' dir='ltr'>experimento</span> <span class='ocrx_word' id='word_1_192' title='bbox 640 2754 781 2818; x_wconf 86' lang='lat' dir='ltr'>incenit:</span> <span class='ocrx_word' id='word_1_193' title='bbox 811 2773 915 2836; x_wconf 89' lang='lat' dir='ltr'>aqua</span> <span class='ocrx_word' id='word_1_194' title='bbox 938 2755 1091 2836; x_wconf 87' lang='lat' dir='ltr'>scriptura</span> <span class='ocrx_word' id='word_1_195' title='bbox 1122 2756 1160 2818; x_wconf 88' lang='lat' dir='ltr'>eb</span> <span class='ocrx_word' id='word_1_196' title='bbox 1184 2755 1330 2818; x_wconf 89' lang='lat' dir='ltr'>omnibus</span> <span class='ocrx_word' id='word_1_197' title='bbox 1359 2752 1453 2817; x_wconf 89' lang='lat' dir='ltr'>codd.</span> 
     </span>
     <span class='ocr_line' id='line_1_24' title="bbox 215 2857 1451 2940; baseline -0.001 -23"><span class='ocrx_word' id='word_1_198' title='bbox 215 2857 358 2936; x_wconf 89' lang='lat' dir='ltr'>praebita</span> <span class='ocrx_word' id='word_1_199' title='bbox 388 2877 482 2939; x_wconf 87' lang='lat' dir='ltr'>quam</span> <span class='ocrx_word' id='word_1_200' title='bbox 514 2861 552 2924; x_wconf 96' lang='lat' dir='ltr'>ob</span> <span class='ocrx_word' id='word_1_201' title='bbox 576 2879 723 2926; x_wconf 89' lang='lat' dir='ltr'>caussam</span> <span class='ocrx_word' id='word_1_202' title='bbox 746 2859 888 2923; x_wconf 87' lang='lat' dir='ltr'>Luctioh.</span> <span class='ocrx_word' id='word_1_203' title='bbox 913 2858 1092 2922; x_wconf 90' lang='lat' dir='ltr'>discesserit</span> <span class='ocrx_word' id='word_1_204' title='bbox 1115 2859 1336 2940; x_wconf 83' lang='lat' dir='ltr'>scripseritque</span> <span class='ocrx_word' id='word_1_205' title='bbox 1360 2874 1451 2917; x_wconf 85' lang='lat' dir='ltr'>reue-</span> 
     </span>
     <span class='ocr_line' id='line_1_25' title="bbox 215 2956 1450 3046; baseline 0.004 -29"><span class='ocrx_word' id='word_1_206' title='bbox 215 2956 400 3022; x_wconf 84' lang='lat' dir='ltr'>rendissimo</span> <span class='ocrx_word' id='word_1_207' title='bbox 424 2959 492 3042; x_wconf 86' lang='lat' dir='ltr'>(etr.</span> <span class='ocrx_word' id='word_1_208' title='bbox 516 2984 586 3046; x_wconf 88' lang='lat' dir='ltr'>pag.</span> <span class='ocrx_word' id='word_1_209' title='bbox 611 2966 649 3027; x_wconf 84' lang='lat'>31</span> <span class='ocrx_word' id='word_1_210' title='bbox 667 2959 746 3044; x_wconf 90' lang='lat' dir='ltr'>not.)</span> <span class='ocrx_word' id='word_1_211' title='bbox 770 2981 833 3025; x_wconf 92' lang='lat' dir='ltr'>non</span> <span class='ocrx_word' id='word_1_212' title='bbox 849 2961 1072 3041; x_wconf 87' lang='lat' dir='ltr'>intellegimus.</span> <span class='ocrx_word' id='word_1_213' title='bbox 1100 2958 1169 3042; x_wconf 87' lang='lat' dir='ltr'>(cfr.</span> <span class='ocrx_word' id='word_1_214' title='bbox 1185 2960 1311 3024; x_wconf 84' lang='lat' dir='ltr'>Ronsch</span> <span class='ocrx_word' id='word_1_215' title='bbox 1326 2979 1356 3042; x_wconf 95' lang='lat' dir='ltr'>p.</span> <span class='ocrx_word' id='word_1_216' title='bbox 1373 2957 1450 3023; x_wconf 79' lang='lat'>456.</span> 
     </span>
     <span class='ocr_line' id='line_1_26' title="bbox 217 3059 1049 3147; baseline 0.001 -23"><span class='ocrx_word' id='word_1_217' title='bbox 217 3059 328 3125; x_wconf 81' lang='lat' dir='ltr'>Gdlzer</span> <span class='ocrx_word' id='word_1_218' title='bbox 351 3084 379 3145; x_wconf 93' lang='lat' dir='ltr'>p.</span> <span class='ocrx_word' id='word_1_219' title='bbox 404 3066 473 3129; x_wconf 84' lang='grc'><strong>386.</strong></span> <span class='ocrx_word' id='word_1_220' title='bbox 510 3066 652 3129; x_wconf 80' lang='lat' dir='ltr'>Pauclrer</span> <span class='ocrx_word' id='word_1_221' title='bbox 675 3066 773 3147; x_wconf 89' lang='lat' dir='ltr'>spicil.</span> <span class='ocrx_word' id='word_1_222' title='bbox 797 3084 825 3146; x_wconf 95' lang='lat' dir='ltr'>p.</span> <span class='ocrx_word' id='word_1_223' title='bbox 850 3064 910 3127; x_wconf 84' lang='grc'>187</span> <span class='ocrx_word' id='word_1_224' title='bbox 934 3083 963 3125; x_wconf 93' lang='lat' dir='ltr'>n.</span> <span class='ocrx_word' id='word_1_225' title='bbox 987 3061 1049 3143; x_wconf 83' lang='lat'>43).</span> 
     </span>
    </p>

    <p class='ocr_par' dir='ltr' id='par_1_7' title="bbox 215 3165 1453 4172">
     <span class='ocr_line' id='line_1_27' title="bbox 300 3165 1452 3250; baseline 0.001 -22"><span class='ocrx_word' id='word_1_226' title='bbox 300 3166 336 3228; x_wconf 91' lang='lat' dir='ltr'>B.</span> <span class='ocrx_word' id='word_1_227' title='bbox 382 3169 614 3250; x_wconf 88' lang='lat' dir='ltr'>participia</span> <span class='ocrx_word' id='word_1_228' title='bbox 644 3168 684 3230; x_wconf 92' lang='lat' dir='ltr'>in</span> <span class='ocrx_word' id='word_1_229' title='bbox 713 3165 817 3228; x_wconf 88' lang='lat' dir='ltr'>ndns</span> <span class='ocrx_word' id='word_1_230' title='bbox 845 3166 1051 3231; x_wconf 81' lang='lat' dir='ltr'>exeuntia·</span> <span class='ocrx_word' id='word_1_231' title='bbox 1094 3166 1141 3228; x_wconf 87' lang='lat' dir='ltr'>De</span> <span class='ocrx_word' id='word_1_232' title='bbox 1172 3165 1286 3248; x_wconf 88' lang='lat' dir='ltr'>quibus</span> <span class='ocrx_word' id='word_1_233' title='bbox 1315 3165 1452 3245; x_wconf 89' lang='lat' dir='ltr'>particc.</span> 
     </span>
     <span class='ocr_line' id='line_1_28' title="bbox 216 3267 1453 3353; baseline -0.001 -24"><span class='ocrx_word' id='word_1_234' title='bbox 216 3286 288 3330; x_wconf 91' lang='lat' dir='ltr'>cum</span> <span class='ocrx_word' id='word_1_235' title='bbox 311 3271 436 3352; x_wconf 91' lang='lat' dir='ltr'>proprie</span> <span class='ocrx_word' id='word_1_236' title='bbox 459 3272 523 3334; x_wconf 91' lang='lat' dir='ltr'>sint</span> <span class='ocrx_word' id='word_1_237' title='bbox 539 3270 712 3353; x_wconf 91' lang='lat' dir='ltr'>praesentis</span> <span class='ocrx_word' id='word_1_238' title='bbox 735 3271 766 3333; x_wconf 92' lang='lat' dir='ltr'>in</span> <span class='ocrx_word' id='word_1_239' title='bbox 784 3271 956 3352; x_wconf 90' lang='lat' dir='ltr'>posteriore</span> <span class='ocrx_word' id='word_1_240' title='bbox 971 3269 1131 3333; x_wconf 89' lang='lat' dir='ltr'>latinitate</span> <span class='ocrx_word' id='word_1_241' title='bbox 1150 3269 1188 3332; x_wconf 88' lang='lat' dir='ltr'>ad</span> <span class='ocrx_word' id='word_1_242' title='bbox 1211 3267 1310 3333; x_wconf 90' lang='lat' dir='ltr'>tuturi</span> <span class='ocrx_word' id='word_1_243' title='bbox 1324 3269 1453 3350; x_wconf 90' lang='lat' dir='ltr'>tempo-</span> 
     </span>
     <span class='ocr_line' id='line_1_29' title="bbox 215 3370 1451 3455; baseline 0 -23"><span class='ocrx_word' id='word_1_244' title='bbox 215 3370 257 3433; x_wconf 94' lang='lat' dir='ltr'>ris</span> <span class='ocrx_word' id='word_1_245' title='bbox 281 3371 544 3452; x_wconf 86' lang='lat' dir='ltr'>significationem</span> <span class='ocrx_word' id='word_1_246' title='bbox 574 3374 779 3454; x_wconf 85' lang='lat' dir='ltr'>transgressis</span> <span class='ocrx_word' id='word_1_247' title='bbox 808 3373 981 3455; x_wconf 88' lang='lat' dir='ltr'>disputavit</span> <span class='ocrx_word' id='word_1_248' title='bbox 1004 3371 1036 3437; x_wconf 84' lang='lat' dir='ltr'>O.</span> <span class='ocrx_word' id='word_1_249' title='bbox 1058 3372 1202 3436; x_wconf 80' lang='lat' dir='ltr'>Pauclrer</span> <span class='ocrx_word' id='word_1_250' title='bbox 1227 3373 1300 3436; x_wconf 92' lang='lat' dir='ltr'>libri</span> <span class='ocrx_word' id='word_1_251' title='bbox 1322 3371 1374 3436; x_wconf 89' lang='lat' dir='ltr'>cui</span> <span class='ocrx_word' id='word_1_252' title='bbox 1396 3370 1451 3433; x_wconf 94' lang='lat' dir='ltr'>in-</span> 
     </span>
     <span class='ocr_line' id='line_1_30' title="bbox 216 3471 1451 3556; baseline -0.001 -21"><span class='ocrx_word' id='word_1_253' title='bbox 216 3473 366 3538; x_wconf 90' lang='lat' dir='ltr'>scribitur</span> <span class='ocrx_word' id='word_1_254' title='bbox 389 3474 426 3536; x_wconf 92' lang='lat' dir='ltr'>de</span> <span class='ocrx_word' id='word_1_255' title='bbox 440 3472 601 3537; x_wconf 77' lang='lat' dir='ltr'>latinitate</span> <span class='ocrx_word' id='word_1_256' title='bbox 615 3475 803 3556; x_wconf 85' lang='lat' dir='ltr'>scriptorum</span> <span class='ocrx_word' id='word_1_257' title='bbox 824 3473 896 3536; x_wconf 89' lang='lat' dir='ltr'>hist.</span> <span class='ocrx_word' id='word_1_258' title='bbox 911 3473 1046 3555; x_wconf 73' lang='lat' dir='ltr'>August.</span> <span class='ocrx_word' id='word_1_259' title='bbox 1069 3472 1263 3536; x_wconf 87' lang='lat' dir='ltr'>metetemuta</span> <span class='ocrx_word' id='word_1_260' title='bbox 1280 3471 1324 3534; x_wconf 88' lang='lat' dir='ltr'>ed</span> <span class='ocrx_word' id='word_1_261' title='bbox 1345 3491 1451 3553; x_wconf 84' lang='lat' dir='ltr'>uppa-</span> 
     </span>
     <span class='ocr_line' id='line_1_31' title="bbox 215 3575 1451 3660; baseline 0.004 -25"><span class='ocrx_word' id='word_1_262' title='bbox 215 3577 323 3637; x_wconf 87' lang='lat' dir='ltr'>rutum</span> <span class='ocrx_word' id='word_1_263' title='bbox 345 3575 562 3640; x_wconf 80' lang='lat' dir='ltr'>uocabulorum</span> <span class='ocrx_word' id='word_1_264' title='bbox 584 3577 760 3660; x_wconf 82' lang='lat' dir='ltr'>spectantia</span> <span class='ocrx_word' id='word_1_265' title='bbox 776 3579 886 3659; x_wconf 84' lang='lat' dir='ltr'>(Dorp.</span> <span class='ocrx_word' id='word_1_266' title='bbox 904 3575 1000 3657; x_wconf 82' lang='lat'>1870)</span> <span class='ocrx_word' id='word_1_267' title='bbox 1016 3597 1109 3659; x_wconf 84' lang='lat' dir='ltr'>pagg.</span> <span class='ocrx_word' id='word_1_268' title='bbox 1123 3579 1162 3640; x_wconf 87' lang='lat'>85</span> <span class='ocrx_word' id='word_1_269' title='bbox 1180 3597 1246 3659; x_wconf 86' lang='lat' dir='ltr'>sqq.</span> <span class='ocrx_word' id='word_1_270' title='bbox 1263 3580 1296 3640; x_wconf 92' lang='lat' dir='ltr'>et</span> <span class='ocrx_word' id='word_1_271' title='bbox 1317 3575 1392 3639; x_wconf 87' lang='lat' dir='ltr'>libri</span> <span class='ocrx_word' id='word_1_272' title='bbox 1410 3576 1451 3640; x_wconf 93' lang='lat' dir='ltr'>de</span> 
     </span>
     <span class='ocr_line' id='line_1_32' title="bbox 218 3677 1450 3764; baseline 0.001 -23"><span class='ocrx_word' id='word_1_273' title='bbox 218 3678 402 3762; x_wconf 83' lang='lat' dir='ltr'>Hieronymi</span> <span class='ocrx_word' id='word_1_274' title='bbox 421 3681 579 3745; x_wconf 89' lang='lat' dir='ltr'>latinitate</span> <span class='ocrx_word' id='word_1_275' title='bbox 602 3682 768 3764; x_wconf 89' lang='lat' dir='ltr'>compositi</span> <span class='ocrx_word' id='word_1_276' title='bbox 783 3681 899 3758; x_wconf 85' lang='lat' dir='ltr'>tBerol.</span> <span class='ocrx_word' id='word_1_277' title='bbox 912 3677 1009 3760; x_wconf 80' lang='lat'>1880)</span> <span class='ocrx_word' id='word_1_278' title='bbox 1023 3699 1116 3762; x_wconf 89' lang='lat' dir='ltr'>pagg.</span> <span class='ocrx_word' id='word_1_279' title='bbox 1130 3679 1306 3743; x_wconf 75' lang='lat' dir='ltr'>lle—153.</span> <span class='ocrx_word' id='word_1_280' title='bbox 1336 3679 1370 3741; x_wconf 92' lang='lat' dir='ltr'>in</span> <span class='ocrx_word' id='word_1_281' title='bbox 1384 3697 1450 3759; x_wconf 92' lang='lat' dir='ltr'>quo</span> 
     </span>
     <span class='ocr_line' id='line_1_33' title="bbox 217 3781 1452 3866; baseline 0.003 -24"><span class='ocrx_word' id='word_1_282' title='bbox 217 3781 296 3844; x_wconf 91' lang='lat' dir='ltr'>libro</span> <span class='ocrx_word' id='word_1_283' title='bbox 308 3802 381 3846; x_wconf 92' lang='lat' dir='ltr'>cum</span> <span class='ocrx_word' id='word_1_284' title='bbox 394 3802 430 3846; x_wconf 85' lang='lat' dir='ltr'>ex</span> <span class='ocrx_word' id='word_1_285' title='bbox 442 3784 511 3846; x_wconf 88' lang='lat' dir='ltr'>uliis</span> <span class='ocrx_word' id='word_1_286' title='bbox 520 3785 703 3866; x_wconf 90' lang='lat' dir='ltr'>posterioris</span> <span class='ocrx_word' id='word_1_287' title='bbox 711 3784 878 3847; x_wconf 88' lang='lat' dir='ltr'>latinitatis</span> <span class='ocrx_word' id='word_1_288' title='bbox 891 3784 1095 3865; x_wconf 91' lang='lat' dir='ltr'>scriptoribus</span> <span class='ocrx_word' id='word_1_289' title='bbox 1110 3783 1452 3866; x_wconf 83' lang='lat' dir='ltr'>depromptaexemplc</span> 
     </span>
     <span class='ocr_line' id='line_1_34' title="bbox 217 3884 1452 3967; baseline 0.002 -21"><span class='ocrx_word' id='word_1_290' title='bbox 217 3884 360 3947; x_wconf 88' lang='lat' dir='ltr'>attulerit</span> <span class='ocrx_word' id='word_1_291' title='bbox 382 3886 526 3967; x_wconf 83' lang='lat' dir='ltr'>plurima,</span> <span class='ocrx_word' id='word_1_292' title='bbox 560 3906 660 3950; x_wconf 90' lang='lat' dir='ltr'>unum</span> <span class='ocrx_word' id='word_1_293' title='bbox 682 3884 887 3949; x_wconf 85' lang='lat' dir='ltr'>Sidonianum</span> <span class='ocrx_word' id='word_1_294' title='bbox 910 3886 1050 3949; x_wconf 88' lang='lat' dir='ltr'>laudavit</span> <span class='ocrx_word' id='word_1_295' title='bbox 1072 3904 1119 3947; x_wconf 85' lang='lat' dir='ltr'>ex-</span> <span class='ocrx_word' id='word_1_296' title='bbox 1138 3885 1217 3949; x_wconf 89' lang='lat' dir='ltr'>libro</span> <span class='ocrx_word' id='word_1_297' title='bbox 1238 3884 1384 3948; x_wconf 86' lang='lat' dir='ltr'>Neuicno</span> <span class='ocrx_word' id='word_1_298' title='bbox 1417 3884 1452 3949; x_wconf 94' lang='grc' dir='ltr'>ΙΙ</span> 
     </span>
     <span class='ocr_line' id='line_1_35' title="bbox 217 3985 1453 4068; baseline 0.002 -21"><span class='ocrx_word' id='word_1_299' title='bbox 217 3987 278 4048; x_wconf 85' lang='grc'>385</span> <span class='ocrx_word' id='word_1_300' title='bbox 302 3987 473 4068; x_wconf 90' lang='lat' dir='ltr'>repetitum</span> <span class='ocrx_word' id='word_1_301' title='bbox 504 3989 581 4066; x_wconf 82' lang='lat' dir='ltr'>(Sid.</span> <span class='ocrx_word' id='word_1_302' title='bbox 604 3987 636 4051; x_wconf 95' lang='lat' dir='ltr'>Il</span> <span class='ocrx_word' id='word_1_303' title='bbox 660 3987 709 4064; x_wconf 84' lang='grc'>12,</span> <span class='ocrx_word' id='word_1_304' title='bbox 732 3991 768 4051; x_wconf 85' lang='grc'>2;</span> <span class='ocrx_word' id='word_1_305' title='bbox 800 3985 989 4049; x_wconf 79' lang='lat' dir='ltr'>credidimus</span> <span class='ocrx_word' id='word_1_306' title='bbox 1010 3985 1078 4048; x_wconf 91' lang='lat' dir='ltr'>eius</span> <span class='ocrx_word' id='word_1_307' title='bbox 1100 3985 1239 4048; x_wconf 85' lang='lat' dir='ltr'>taedium</span> <span class='ocrx_word' id='word_1_308' title='bbox 1264 3985 1453 4066; x_wconf 77' lang='lat' dir='ltr'>aagendam</span> 
     </span>
     <span class='ocr_line' id='line_1_36' title="bbox 216 4086 1276 4172; baseline 0.005 -26"><span class='ocrx_word' id='word_1_309' title='bbox 216 4086 295 4151; x_wconf 89' lang='lat' dir='ltr'>si</span> <span class='ocrx_word' id='word_1_310' title='bbox 316 4087 563 4171; x_wconf 81' lang='lat' dir='ltr'>obstitissemus).</span> <span class='ocrx_word' id='word_1_311' title='bbox 607 4093 697 4155; x_wconf 90' lang='lat' dir='ltr'>nobis</span> <span class='ocrx_word' id='word_1_312' title='bbox 720 4093 817 4172; x_wconf 88' lang='lat' dir='ltr'>igitur</span> <span class='ocrx_word' id='word_1_313' title='bbox 838 4091 932 4155; x_wconf 91' lang='lat' dir='ltr'>liceat</span> <span class='ocrx_word' id='word_1_314' title='bbox 956 4092 1059 4154; x_wconf 90' lang='lat' dir='ltr'>cetera</span> <span class='ocrx_word' id='word_1_315' title='bbox 1081 4108 1276 4154; x_wconf 90' lang='lat' dir='ltr'>enumerare:</span> 
     </span>
    </p>

    <p class='ocr_par' dir='ltr' id='par_1_8' title="bbox 216 4189 1452 4378">
     <span class='ocr_line' id='line_1_37' title="bbox 302 4189 1452 4273; baseline 0.001 -18"><span class='ocrx_word' id='word_1_316' title='bbox 302 4192 369 4269; x_wconf 78' lang='grc'>12,</span> <span class='ocrx_word' id='word_1_317' title='bbox 395 4194 453 4256; x_wconf 83' lang='grc' dir='ltr'>1οε</span> <span class='ocrx_word' id='word_1_318' title='bbox 485 4191 542 4255; x_wconf 90' lang='lat' dir='ltr'>tibi</span> <span class='ocrx_word' id='word_1_319' title='bbox 565 4191 774 4254; x_wconf 91' lang='lat' dir='ltr'>indicanda</span> <span class='ocrx_word' id='word_1_320' title='bbox 803 4211 867 4255; x_wconf 90' lang='lat' dir='ltr'>non</span> <span class='ocrx_word' id='word_1_321' title='bbox 888 4189 989 4254; x_wconf 85' lang='lat' dir='ltr'>muita</span> <span class='ocrx_word' id='word_1_322' title='bbox 1012 4190 1049 4253; x_wconf 91' lang='lat' dir='ltr'>de</span> <span class='ocrx_word' id='word_1_323' title='bbox 1078 4210 1173 4273; x_wconf 76' lang='lat' dir='ltr'>regno</span> <span class='ocrx_word' id='word_1_324' title='bbox 1199 4189 1255 4254; x_wconf 91' lang='lat' dir='ltr'>sed</span> <span class='ocrx_word' id='word_1_325' title='bbox 1272 4208 1379 4272; x_wconf 86' lang='lat' dir='ltr'>pauca</span> <span class='ocrx_word' id='word_1_326' title='bbox 1411 4193 1452 4256; x_wconf 92' lang='lat' dir='ltr'>de</span> 
     </span>
     <span class='ocr_line' id='line_1_38' title="bbox 216 4291 1452 4378; baseline 0.004 -24"><span class='ocrx_word' id='word_1_327' title='bbox 216 4313 286 4374; x_wconf 81' lang='lat' dir='ltr'>repe</span> <span class='ocrx_word' id='word_1_328' title='bbox 306 4295 472 4378; x_wconf 84' lang='lat' dir='ltr'>promisi.</span> <span class='ocrx_word' id='word_1_329' title='bbox 525 4299 692 4375; x_wconf 86' lang='grc' dir='ltr'>Ι11,16;</span> <span class='ocrx_word' id='word_1_330' title='bbox 723 4295 839 4358; x_wconf 79' lang='lat' dir='ltr'>sciret</span> <span class='ocrx_word' id='word_1_331' title='bbox 868 4294 1029 4358; x_wconf 89' lang='lat' dir='ltr'>conatibus</span> <span class='ocrx_word' id='word_1_332' title='bbox 1055 4294 1123 4356; x_wconf 90' lang='lat' dir='ltr'>suis</span> <span class='ocrx_word' id='word_1_333' title='bbox 1145 4312 1237 4356; x_wconf 85' lang='lat' dir='ltr'>uersu</span> <span class='ocrx_word' id='word_1_334' title='bbox 1257 4291 1307 4356; x_wconf 77' lang='lat' dir='ltr'>ua</span> <span class='ocrx_word' id='word_1_335' title='bbox 1336 4312 1452 4376; x_wconf 86' lang='lat' dir='ltr'>repo-</span> 
     </span>
    </p>
   </div>
   <div class='ocr_carea' id='block_1_6' title="bbox 0 0 1553 4898">
    <p class='ocr_par' dir='ltr' id='par_1_9' title="bbox 0 0 1553 4898">
     <span class='ocr_line' id='line_1_39' title="bbox 0 0 1553 4898; baseline 0 0"><span class='ocrx_word' id='word_1_336' title='bbox 0 0 1553 4898; x_wconf 95' lang='lat' dir='ltr'> </span> 
     </span>
    </p>
   </div>
  </div>
 </body>
</html>
