3090 4898
751 250 792 313 69

156 430 253 495 sioet
269 452 369 512 penes
391 452 443 496 vos
465 437 550 496 reeta
572 436 655 516 snnt,
678 435 752 498 bene
774 439 819 498 est
842 438 982 521 proxime
1003 438 1042 503 nd
1059 439 1121 502 vim
1144 440 1383 523 praepositionis

156 535 245 616 apori
271 537 419 602 accedere
450 539 573 602 videtur
605 535 657 621 (de
684 541 776 603 locali
806 541 900 625 huius
928 543 1100 622 praeverbii
1131 562 1191 607 usu
1222 543 1276 607 eir.
1308 542 1383 607 Siiil

198 759 206 766 ·
243 746 270 808 9.
314 763 386 827 per
420 741 451 826 e)
480 765 536 828 pro
564 746 630 809 solo
658 747 717 809 abi.
741 749 777 811 ut
799 745 844 809 IV
868 749 896 824 3,
929 749 962 809 4;
998 746 1081 827 qnod
1110 746 1299 830 (etoqninm)
1329 767 1386 811 neo

149 866 212 926 per
225 844 454 924 seatnrriptnes
469 844 679 926 ipberiotioes
694 847 873 911 intnmesoit
887 868 944 912 nee
954 870 1017 929 per
1029 849 1226 932 tapinomata
1237 850 1384 930 depressa

155 952 316 1013 tennatnr.
368 947 434 1013 VII
459 952 486 1025 1,
510 951 542 1013 3:
572 950 683 1012 atritas
787 970 845 1033 per
874 952 1024 1033 aninspne
1053 953 1137 1016 modi
1164 953 1384 1035 proriipiornm

155 1049 414 1115 terriculamenta
436 1051 639 1115 vernabatnr.
686 1052 765 1116 VIII
789 1054 867 1136 3,1:
890 1074 976 1118 nane
984 1075 1046 1134 per
1068 1059 1225 1119 nootnrna
1241 1055 1384 1136 suspiria

154 1174 241 1218 nnno
258 1175 319 1234 per
340 1153 460 1217 dinrna
482 1154 591 1235 officia
614 1156 777 1219 districtas
800 1162 871 1222 oeii.
1000 1210 1003 1215 .
1230 1166 1232 1170 ’

240 1261 274 1339 b)
292 1264 349 1343 'pro
372 1257 410 1320 ab
434 1255 640 1341 (Freneogall.
657 1259 738 1342 par)
760 1261 805 1324 IV
830 1261 877 1337 14,
903 1263 935 1324 1;
965 1261 1066 1322 oariis
1092 1282 1154 1341 per
1177 1265 1206 1324 te
1228 1261 1385 1341 benefieiis

155 1360 433 1443 ampiipimremnr.
478 1361 522 1424 lv
545 1363 596 1440 22,
621 1364 652 1426 5:
682 1383 745 1442 per
774 1361 912 1425 homines
934 1351 1089 1426 eierieatis
1111 1365 1212 1445 ofpieii
1299 1364 1384 1447 peri-

156 1463 257 1528 eniose
282 1484 358 1527 nera
385 1464 545 1529 otienntnr.
591 1466 635 1530 IX
658 1465 687 1543 9,
712 1467 765 1530 12:
796 1465 844 1527 nit
864 1485 922 1548 per
944 1466 1101 1529 obstantes
1122 1466 1270 1546 repntsns
1285 1487 1384 1547 prae-

156 1567 286 1632 liatores
308 1573 382 1633 oeit.

242 1671 272 1755 o)
293 1672 481 1736 insolentius
503 1673 535 1735 in
557 1674 617 1736 heo
636 1673 811 1738 loouiione:
834 1670 883 1734 nit
899 1674 944 1734 est
958 1669 1014 1734 tito
1030 1692 1093 1752 per
1107 1672 1295 1736 sententiam
1312 1672 1385 1737 boni

158 1772 309 1856 eninsqne
327 1773 509 1857 peneresius
533 1772 610 1838 VIII
633 1774 661 1853 7,
686 1776 713 1840 3.

219 2032 312 2114 §21
358 2034 408 2098 De
431 2034 651 2116 praevertitis
673 2034 860 2114 utriusque
883 2049 1001 2100 sasas:
1024 2034 1073 2098 tn
1094 2034 1168 2098 snb
1189 2051 1325 2111 saper.

243 2188 266 2251 I.
303 2189 350 2252 in.
397 2189 424 2251 1.
456 2189 496 2252 ia
521 2209 545 2253 o.
569 2189 629 2252 abl.

227 2281 275 2373 'ei
299 2311 355 2373 pro
389 2292 471 2355 nudo
504 2293 563 2356 abl.
587 2293 679 2356 looali
710 2290 780 2372 (seu
808 2292 911 2374 potius
941 2311 997 2374 pro
1027 2292 1184 2371 looaiivo),
1200 2295 1202 2299 ’
1219 2291 1385 2374 temporali

156 2395 290 2481 relativo
312 2394 429 2459 modali
451 2395 688 2459 instrumenieli
711 2397 783 2458 cett.
800 2399 836 2459 ui
859 2392 923 2457 VII
946 2396 974 2471 9,
997 2394 1054 2457 21:
1078 2393 1114 2454 in
1136 2391 1276 2473 Sotpmis.
1310 2393 1383 2456 ibid.

156 2495 193 2558 in
222 2493 329 2559 dietas
355 2495 505 2575 antiquis
550 2480 583 2557 ‘V
606 2497 635 2573 9,
662 2500 698 2560 4:
735 2496 772 2558 in
800 2496 897 2558 arinis
919 2495 984 2557 iam
1005 2495 1172 2558 seneetntis
1194 2494 1291 2557 initia
1307 2493 1384 2573 pat·

156 2597 310 2661 santibns.
355 2600 386 2663 II
410 2601 429 2663 8
453 2619 479 2663 e.
495 2599 550 2663 14:
575 2599 611 2661 in
634 2598 822 2678 temporibns
843 2597 976 2680 aipentis
998 2598 1076 2660 aeni.
1117 2597 1152 2661 II
1174 2599 1202 2676 2,
1227 2598 1284 2661 19:
1307 2617 1383 2678 aper

156 2701 296 2781 diffusas
317 2700 353 2764 in
368 2700 465 2777 sitris,
487 2701 591 2783 pietas
608 2702 644 2765 in
659 2703 772 2784 pratis,
794 2720 958 2785 peeorosns
977 2701 1012 2764 in
1026 2700 1167 2781 pasonis,
1190 2701 1226 2763 in
1242 2699 1384 2780 pastori-

156 2804 213 2869 ons
233 2803 417 2887 peantiosns.
462 2804 510 2867 ΙΙΙ
527 2804 576 2883 13,
595 2807 627 2868 6:
649 2805 780 2886 (nasas)
796 2803 922 2886 amplas
934 2804 970 2866 in
984 2803 1197 2882 foraminibns
1211 2807 1241 2866 et
1256 2803 1384 2866 striatas

157 2906 193 2970 in
222 2906 325 2990 spina.
372 2906 466 2983 174,
499 2907 532 2971 1:
571 2906 607 2969 in
638 2907 712 2987 pita
741 2907 776 2969 in
807 2907 946 2982 tesseris,
977 2905 1110 2968 sattibns
1135 2924 1240 2982 enrsa,
1269 2909 1385 2987 oenatn

155 3012 273 3072 natata
294 3012 405 3072 sanata
432 3028 551 3089 semper·
573 3011 734 3073 eontentio.
779 3009 826 3074 IX
850 3009 900 3088 11,
923 3013 959 3074 8:
983 3009 1019 3071 in
1041 3008 1204 3072 dilectione
1225 3009 1383 3091 seperari.

157 3113 203 3178 IX
227 3114 275 3190 12,
298 3116 331 3176 2:
364 3111 401 3174 in
423 3110 547 3175 silentio
576 3112 702 3175 deonrri
728 3116 792 3176 tres
822 3112 1026 3193 otpmpiadas
1070 3112 1175 3190 1114,
1199 3113 1233 3174 2:
1264 3132 1384 3175 menses

157 3214 193 3276 in
213 3214 274 3278 otio
295 3212 467 3296 fatipinoso
497 3215 561 3277 siae
590 3215 734 3278 tnnieata
770 3215 872 3295 qniete
901 3215 1124 3277 transmittere.
1173 3214 1220 3279 IX
1244 3214 1284 3278 13
1307 3236 1331 3280 o.
1355 3219 1383 3294 2,

158 3317 256 3400 7qu
278 3316 314 3378 in
336 3320 472 3397 ntrapne
489 3317 659 3399 disciplina
673 3315 760 3380 Satis
784 3317 950 3380 institntns
972 3320 1090 3381 ametor.
1131 3320 1159 3397 7,
1182 3317 1262 3381 231:
1285 3315 1383 3379 eetsns

156 3418 193 3482 in
214 3419 322 3484 armis.
369 3419 397 3496 7,
420 3421 497 3485 429:
522 3420 630 3498 priseo
713 3423 806 3482 notas
829 3420 864 3482 in
886 3424 968 3483 aetn.
1016 3421 1065 3497 10,
1084 3422 1140 3484 15;
1163 3419 1295 3483 Mavors
1317 3423 1384 3482 tnm

158 3521 236 3586 insit
257 3522 292 3585 in
312 3519 407 3585 insta
430 3526 503 3588 oeti.

243 3622 277 3707 b)
301 3627 454 3694 ooniunoi.
478 3646 550 3691 eum
574 3627 727 3690 adieetivo
750 3627 916 3707 peritus
946 3646 970 3688 e.
994 3629 1034 3690 22
1058 3646 1103 3709 ep.
1128 3627 1146 3706 ἓ
1170 3629 1203 3689 3;
1236 3623 1384 3687 inlibris

157 3726 327 3791 matheseos
343 3727 555 3806 peritissimos
578 3727 750 3790 conditores
773 3726 876 3812 (Prop.
898 3726 1026 3811 Spart).

244 3828 275 3913 o)
305 3851 341 3896 ex
373 3833 551 3896 imitatione
587 3851 747 3895 seororum
786 3833 937 3896 librorum
966 3832 1163 3896 locutionum
1192 3830 1237 3893 IV
1264 3832 1314 3907 25,
1347 3829 1382 3893 1:

151 3937 249 4015 pater
263 3936 368 3996 noster
382 3933 418 3996 in
434 3931 568 3996 Christo.
600 3932 643 3996 VI
660 3936 688 4012 7,
708 3936 744 3996 1:
767 3932 998 3995 validissimam
1012 3933 1048 3995 in
1065 3930 1190 3995 Christo
1199 3935 1384 4011 patronam.

157 4037 293 4114 villa,
317 4037 351 4100 1:
375 4037 523 4115 nnieein
548 4034 675 4099 Christo
696 4040 837 4119 patrone.
871 4034 937 4100 VII
958 4040 986 4115 9,
1003 4039 1060 4100 25:
1082 4035 1119 4098 in
1140 4034 1266 4099 nomine
1273 4034 1384 4114 patris

157 4143 188 4202 et
208 4138 272 4220 pin·
295 4143 324 4202 et
345 4139 479 4221 spiritns
501 4140 612 4205 sanati.

244 4241 278 4325 2)
305 4245 346 4306 in
374 4264 398 4307 e.
425 4264 486 4308 ooo.
538 4242 571 4321 a)
609 4245 646 4307 de
679 4247 820 4327 tempore
848 4271 889 4296 =
919 4262 1017 4323 nsqne
1048 4242 1091 4304 ad
1120 4242 1132 4305 1
1166 4241 1193 4320 7,
1217 4243 1254 4305 o:
1288 4260 1384 4321 qnam

158 4343 362 4428 (machinam)
460 4364 548 4408 aeres
581 4349 610 4409 et
633 4345 772 4424 flammei
800 4346 863 4409 oiri
896 4342 1031 4409 oaeniere
1057 4344 1093 4407 in
1122 4348 1243 4423 tempas
1272 4342 1384 4406 indicii
