<?xml version="1.0" encoding="UTF-8"?>
<!DOCTYPE html PUBLIC "-//W3C//DTD XHTML 1.0 Transitional//EN"
    "http://www.w3.org/TR/xhtml1/DTD/xhtml1-transitional.dtd">
<html xmlns="http://www.w3.org/1999/xhtml" xml:lang="en" lang="en">
 <head>
  <title>
</title>
<meta http-equiv="Content-Type" content="text/html;charset=utf-8" />
  <meta name='ocr-system' content='tesseract 3.04.00' />
  <meta name='ocr-capabilities' content='ocr_page ocr_carea ocr_par ocr_line ocrx_word'/>
</head>
<body>
  <div class='ocr_page' id='page_1' title='image "./deapollinarissi01mlgoog_0080.png"; bbox 0 0 3090 4898; ppageno 0'>
   <div class='ocr_carea' id='block_1_1' title="bbox 155 106 1386 1739">
    <p class='ocr_par' dir='ltr' id='par_1_1' title="bbox 155 106 1386 1328">
     <span class='ocr_line' id='line_1_1' title="bbox 158 106 1384 196; baseline -0.007 -18"><span class='ocrx_word' id='word_1_1' title='bbox 158 112 297 196; x_wconf 76' lang='lat' dir='ltr'><strong><em>Haruu)</em></strong></span> <span class='ocrx_word' id='word_1_2' title='bbox 305 114 393 178; x_wconf 88' lang='lat' dir='ltr'><strong><em>dicit:</em></strong></span> <span class='ocrx_word' id='word_1_3' title='bbox 402 111 534 191; x_wconf 88' lang='lat' dir='ltr'><strong><em>denique</em></strong></span> <span class='ocrx_word' id='word_1_4' title='bbox 548 110 620 192; x_wconf 76' lang='lat' dir='ltr'><strong><em>fiipt</em></strong></span> <span class='ocrx_word' id='word_1_5' title='bbox 635 111 727 174; x_wconf 91' lang='lat' dir='ltr'><strong><em>einen</em></strong></span> <span class='ocrx_word' id='word_1_6' title='bbox 740 110 871 174; x_wconf 83' lang='lat' dir='ltr'><strong><em>rmeiten</em></strong></span> <span class='ocrx_word' id='word_1_7' title='bbox 884 106 1038 174; x_wconf 89' lang='lat' dir='ltr'><strong><em>Umstand</em></strong></span> <span class='ocrx_word' id='word_1_8' title='bbox 1048 107 1268 190; x_wconf 78' lang='lat' dir='ltr'><strong><em>belrdftipend</em></strong></span> <span class='ocrx_word' id='word_1_9' title='bbox 1277 107 1384 170; x_wconf 78' lang='lat' dir='ltr'><strong><em>tinen.</em></strong></span> 
     </span>
     <span class='ocr_line' id='line_1_2' title="bbox 157 213 1384 298; baseline -0.004 -16"><span class='ocrx_word' id='word_1_10' title='bbox 157 218 219 283; x_wconf 90' lang='lat' dir='ltr'><strong><em>imo</em></strong></span> <span class='ocrx_word' id='word_1_11' title='bbox 242 217 333 281; x_wconf 91' lang='lat' dir='ltr'><strong><em>nobis</em></strong></span> <span class='ocrx_word' id='word_1_12' title='bbox 354 213 488 294; x_wconf 85' lang='lat' dir='ltr'><strong><em>denique</em></strong></span> <span class='ocrx_word' id='word_1_13' title='bbox 510 216 593 280; x_wconf 89' lang='lat' dir='ltr'><strong><em>idem</em></strong></span> <span class='ocrx_word' id='word_1_14' title='bbox 617 216 719 279; x_wconf 83' lang='lat' dir='ltr'><strong><em>valere</em></strong></span> <span class='ocrx_word' id='word_1_15' title='bbox 742 234 971 298; x_wconf 84' lang='lat' dir='ltr'><strong>nonnunquam</strong></span> <span class='ocrx_word' id='word_1_16' title='bbox 996 233 1042 296; x_wconf 82' lang='lat' dir='ltr'><strong><em>up.</em></strong></span> <span class='ocrx_word' id='word_1_17' title='bbox 1060 213 1122 278; x_wconf 80' lang='lat' dir='ltr'><strong><em>sid.</em></strong></span> <span class='ocrx_word' id='word_1_18' title='bbox 1141 213 1267 278; x_wconf 87' lang='lat' dir='ltr'><strong><em>videtur</em></strong></span> <span class='ocrx_word' id='word_1_19' title='bbox 1290 215 1384 294; x_wconf 85' lang='lat' dir='ltr'><strong><em>atque</em></strong></span> 
     </span>
     <span class='ocr_line' id='line_1_3' title="bbox 158 313 1386 399; baseline -0.004 -18"><span class='ocrx_word' id='word_1_20' title='bbox 158 318 266 399; x_wconf 87' lang='lat' dir='ltr'><strong><em>itaque</em></strong></span> <span class='ocrx_word' id='word_1_21' title='bbox 279 321 328 384; x_wconf 89' lang='lat' dir='ltr'><strong><em>vel</em></strong></span> <span class='ocrx_word' id='word_1_22' title='bbox 343 316 442 399; x_wconf 87' lang='lat' dir='ltr'><strong><em>ipitur</em></strong></span> <span class='ocrx_word' id='word_1_23' title='bbox 452 318 501 382; x_wconf 88' lang='lat' dir='ltr'><strong><em>vel</em></strong></span> <span class='ocrx_word' id='word_1_24' title='bbox 511 317 726 398; x_wconf 88' lang='lat' dir='ltr'><strong><em>quamobrem:</em></strong></span> <span class='ocrx_word' id='word_1_25' title='bbox 740 337 774 381; x_wconf 93' lang='lat' dir='ltr'><strong><em>so</em></strong></span> <span class='ocrx_word' id='word_1_26' title='bbox 786 316 934 380; x_wconf 87' lang='lat' dir='ltr'><strong><em>mundere</em></strong></span> <span class='ocrx_word' id='word_1_27' title='bbox 945 314 995 378; x_wconf 91' lang='lat' dir='ltr'><strong><em>icb</em></strong></span> <span class='ocrx_word' id='word_1_28' title='bbox 1010 313 1091 378; x_wconf 87' lang='lat' dir='ltr'><strong><em>micb</em></strong></span> <span class='ocrx_word' id='word_1_29' title='bbox 1103 314 1187 377; x_wconf 82' lang='lat' dir='ltr'><strong><em>deun</em></strong></span> <span class='ocrx_word' id='word_1_30' title='bbox 1198 313 1294 389; x_wconf 89' lang='lat' dir='ltr'><strong><em>mebr,</em></strong></span> <span class='ocrx_word' id='word_1_31' title='bbox 1311 313 1386 377; x_wconf 90' lang='lat' dir='ltr'><strong><em>dass</em></strong></span> 
     </span>
     <span class='ocr_line' id='line_1_4' title="bbox 157 415 1385 502; baseline -0.005 -18"><span class='ocrx_word' id='word_1_32' title='bbox 157 420 213 484; x_wconf 92' lang='lat' dir='ltr'><strong><em>der</em></strong></span> <span class='ocrx_word' id='word_1_33' title='bbox 225 421 333 485; x_wconf 85' lang='lat' dir='ltr'><strong><em>Manu</em></strong></span> <span class='ocrx_word' id='word_1_34' title='bbox 346 419 434 483; x_wconf 81' lang='lat' dir='ltr'><strong><em>uiolet</em></strong></span> <span class='ocrx_word' id='word_1_35' title='bbox 448 418 542 483; x_wconf 87' lang='lat' dir='ltr'><strong><em>sebon</em></strong></span> <span class='ocrx_word' id='word_1_36' title='bbox 556 419 674 483; x_wconf 89' lang='lat' dir='ltr'><strong><em>eiumal</em></strong></span> <span class='ocrx_word' id='word_1_37' title='bbox 688 418 809 500; x_wconf 78' lang='lat' dir='ltr'><strong><em>cufalle</em></strong></span> <span class='ocrx_word' id='word_1_38' title='bbox 821 419 1009 502; x_wconf 85' lang='lat' dir='ltr'><strong><em>pelcommen.</em></strong></span> <span class='ocrx_word' id='word_1_39' title='bbox 1043 417 1078 482; x_wconf 90' lang='lat' dir='ltr'><strong><em>II</em></strong></span> <span class='ocrx_word' id='word_1_40' title='bbox 1092 418 1140 497; x_wconf 83' lang='lat'><strong><em>12,</em></strong></span> <span class='ocrx_word' id='word_1_41' title='bbox 1154 419 1188 481; x_wconf 83' lang='lat'><strong><em>2:</em></strong></span> <span class='ocrx_word' id='word_1_42' title='bbox 1212 415 1385 481; x_wconf 81' lang='lat' dir='ltr'><strong><em>Severiana</em></strong></span> 
     </span>
     <span class='ocr_line' id='line_1_5' title="bbox 156 520 1385 605; baseline -0.005 -19"><span class='ocrx_word' id='word_1_43' title='bbox 156 522 333 588; x_wconf 89' lang='lat' dir='ltr'><strong><em>sollicitudo</em></strong></span> <span class='ocrx_word' id='word_1_44' title='bbox 356 523 559 605; x_wconf 62' lang='lat' dir='ltr'><strong><em>ammones)</em></strong></span> <span class='ocrx_word' id='word_1_45' title='bbox 650 522 790 603; x_wconf 77' lang='lat' dir='ltr'><strong><em>febribus</em></strong></span> <span class='ocrx_word' id='word_1_46' title='bbox 813 523 877 586; x_wconf 92' lang='lat' dir='ltr'><strong><em>iam</em></strong></span> <span class='ocrx_word' id='word_1_47' title='bbox 895 522 1055 604; x_wconf 76' lang='lat' dir='ltr'><strong><em>fatipatur</em></strong></span> <span class='ocrx_word' id='word_1_48' title='bbox 1076 520 1185 602; x_wconf 78' lang='lat' dir='ltr'><strong><em>hisque</em></strong></span> <span class='ocrx_word' id='word_1_49' title='bbox 1206 539 1263 602; x_wconf 90' lang='lat' dir='ltr'><strong><em>per</em></strong></span> <span class='ocrx_word' id='word_1_50' title='bbox 1283 522 1385 582; x_wconf 89' lang='lat' dir='ltr'><strong><em>noctes</em></strong></span> 
     </span>
     <span class='ocr_line' id='line_1_6' title="bbox 155 621 1385 708; baseline -0.004 -20"><span class='ocrx_word' id='word_1_51' title='bbox 155 624 461 708; x_wconf 84' lang='lat' dir='ltr'><strong><em>inpraoescentibus:</em></strong></span> <span class='ocrx_word' id='word_1_52' title='bbox 477 629 611 705; x_wconf 90' lang='lat' dir='ltr'><strong><em>propter</em></strong></span> <span class='ocrx_word' id='word_1_53' title='bbox 632 626 715 706; x_wconf 91' lang='lat' dir='ltr'><strong><em>quod</em></strong></span> <span class='ocrx_word' id='word_1_54' title='bbox 735 629 824 706; x_wconf 90' lang='lat' dir='ltr'><strong><em>optat</em></strong></span> <span class='ocrx_word' id='word_1_55' title='bbox 844 627 933 689; x_wconf 84' lang='lat' dir='ltr'><strong><em>cnire</em></strong></span> <span class='ocrx_word' id='word_1_56' title='bbox 956 627 990 688; x_wconf 87' lang='lat' dir='ltr'><strong><em>in</em></strong></span> <span class='ocrx_word' id='word_1_57' title='bbox 1004 624 1239 698; x_wconf 73' lang='lat' dir='ltr'><strong><em>suburbanum·</em></strong></span> <span class='ocrx_word' id='word_1_58' title='bbox 1261 621 1385 685; x_wconf 73' lang='lat' dir='ltr'><em>litteras</em></span> 
     </span>
     <span class='ocr_line' id='line_1_7' title="bbox 156 725 1385 811; baseline -0.003 -20"><span class='ocrx_word' id='word_1_59' title='bbox 156 733 231 792; x_wconf 90' lang='lat' dir='ltr'><strong><em>tuas</em></strong></span> <span class='ocrx_word' id='word_1_60' title='bbox 256 729 391 810; x_wconf 86' lang='lat' dir='ltr'><strong><em>denique</em></strong></span> <span class='ocrx_word' id='word_1_61' title='bbox 420 748 489 791; x_wconf 91' lang='lat' dir='ltr'><strong><em>cum</em></strong></span> <span class='ocrx_word' id='word_1_62' title='bbox 514 748 714 805; x_wconf 87' lang='lat' dir='ltr'><strong><em>sumeremus,</em></strong></span> <span class='ocrx_word' id='word_1_63' title='bbox 744 729 849 811; x_wconf 85' lang='lat' dir='ltr'><strong><em>epredi</em></strong></span> <span class='ocrx_word' id='word_1_64' title='bbox 941 729 1008 792; x_wconf 88' lang='lat' dir='ltr'><strong><em>iam</em></strong></span> <span class='ocrx_word' id='word_1_65' title='bbox 1027 726 1239 810; x_wconf 80' lang='lat' dir='ltr'><strong><em>parabamus:</em></strong></span> <span class='ocrx_word' id='word_1_66' title='bbox 1269 725 1385 789; x_wconf 89' lang='lat' dir='ltr'><strong><em>darum</em></strong></span> 
     </span>
     <span class='ocr_line' id='line_1_8' title="bbox 155 829 1386 912; baseline -0.005 -17"><span class='ocrx_word' id='word_1_67' title='bbox 155 835 297 895; x_wconf 79' lang='lat' dir='ltr'><strong><em>rdsteten</em></strong></span> <span class='ocrx_word' id='word_1_68' title='bbox 317 831 380 895; x_wconf 89' lang='lat' dir='ltr'><strong><em>mir</em></strong></span> <span class='ocrx_word' id='word_1_69' title='bbox 400 851 463 895; x_wconf 90' lang='lat' dir='ltr'><strong><em>uns</em></strong></span> <span class='ocrx_word' id='word_1_70' title='bbox 484 830 586 907; x_wconf 86' lang='lat' dir='ltr'><strong><em>sebon,</em></strong></span> <span class='ocrx_word' id='word_1_71' title='bbox 608 831 659 895; x_wconf 87' lang='lat' dir='ltr'><strong><em>uls</em></strong></span> <span class='ocrx_word' id='word_1_72' title='bbox 680 832 754 896; x_wconf 90' lang='lat' dir='ltr'><strong><em>dein</em></strong></span> <span class='ocrx_word' id='word_1_73' title='bbox 776 832 882 912; x_wconf 79' lang='lat' dir='ltr'><strong><em>Brief</em></strong></span> <span class='ocrx_word' id='word_1_74' title='bbox 896 831 1028 912; x_wconf 78' lang='lat' dir='ltr'><strong><em>cintraf.</em></strong></span> <span class='ocrx_word' id='word_1_75' title='bbox 1068 831 1112 896; x_wconf 93' lang='lat' dir='ltr'><strong><em>IV</em></strong></span> <span class='ocrx_word' id='word_1_76' title='bbox 1129 831 1178 907; x_wconf 86' lang='lat'><strong><em>10,</em></strong></span> <span class='ocrx_word' id='word_1_77' title='bbox 1202 829 1234 893; x_wconf 85' lang='lat'><strong><em>1:</em></strong></span> <span class='ocrx_word' id='word_1_78' title='bbox 1250 831 1386 910; x_wconf 85' lang='lat' dir='ltr'><strong><em>prepter</em></strong></span> 
     </span>
     <span class='ocr_line' id='line_1_9' title="bbox 156 930 1384 1016; baseline -0.006 -18"><span class='ocrx_word' id='word_1_79' title='bbox 156 934 212 998; x_wconf 91' lang='lat' dir='ltr'><strong><em>boc</em></strong></span> <span class='ocrx_word' id='word_1_80' title='bbox 240 935 374 1016; x_wconf 75' lang='lat' dir='ltr'><strong><em>deniqm</em></strong></span> <span class='ocrx_word' id='word_1_81' title='bbox 402 935 468 998; x_wconf 91' lang='lat' dir='ltr'><strong><em>iam</em></strong></span> <span class='ocrx_word' id='word_1_82' title='bbox 495 934 552 998; x_wconf 92' lang='lat' dir='ltr'><strong><em>diu</em></strong></span> <span class='ocrx_word' id='word_1_83' title='bbox 583 939 668 1000; x_wconf 93' lang='lat' dir='ltr'><strong><em>taceo</em></strong></span> <span class='ocrx_word' id='word_1_84' title='bbox 696 956 808 1016; x_wconf 91' lang='lat' dir='ltr'><strong><em>cosque</em></strong></span> <span class='ocrx_word' id='word_1_85' title='bbox 838 936 1046 999; x_wconf 90' lang='lat' dir='ltr'><strong><em>tacuisse</em></strong></span> <span class='ocrx_word' id='word_1_86' title='bbox 1072 932 1185 1015; x_wconf 88' lang='lat' dir='ltr'><strong><em>accepi.</em></strong></span> <span class='ocrx_word' id='word_1_87' title='bbox 1227 930 1270 996; x_wconf 88' lang='lat' dir='ltr'><strong><em>IV</em></strong></span> <span class='ocrx_word' id='word_1_88' title='bbox 1293 933 1324 1008; x_wconf 78' lang='lat'><strong><em>3,</em></strong></span> <span class='ocrx_word' id='word_1_89' title='bbox 1348 932 1384 995; x_wconf 81' lang='lat'><strong><em>3:</em></strong></span> 
     </span>
     <span class='ocr_line' id='line_1_10' title="bbox 156 1033 1384 1121; baseline -0.003 -19"><span class='ocrx_word' id='word_1_90' title='bbox 156 1036 290 1120; x_wconf 83' lang='lat' dir='ltr'><strong><em>denique</em></strong></span> <span class='ocrx_word' id='word_1_91' title='bbox 311 1042 341 1102; x_wconf 93' lang='lat' dir='ltr'><strong><em>et</em></strong></span> <span class='ocrx_word' id='word_1_92' title='bbox 362 1037 520 1120; x_wconf 64' lang='lat' dir='ltr'><strong><em>mandam</em></strong></span> <span class='ocrx_word' id='word_1_93' title='bbox 549 1037 625 1102; x_wconf 88' lang='lat' dir='ltr'><strong><em>baec</em></strong></span> <span class='ocrx_word' id='word_1_94' title='bbox 652 1038 843 1121; x_wconf 84' lang='lat' dir='ltr'><strong><em>principalis</em></strong></span> <span class='ocrx_word' id='word_1_95' title='bbox 868 1036 1024 1119; x_wconf 76' lang='lat' dir='ltr'><strong><em>facundia</em></strong></span> <span class='ocrx_word' id='word_1_96' title='bbox 1047 1035 1295 1115; x_wconf 89' lang='lat' dir='ltr'><strong><em>computabatur.</em></strong></span> <span class='ocrx_word' id='word_1_97' title='bbox 1339 1033 1384 1098; x_wconf 88' lang='lat' dir='ltr'><strong><em>IX</em></strong></span> 
     </span>
     <span class='ocr_line' id='line_1_11' title="bbox 158 1139 1384 1222; baseline -0.006 -17"><span class='ocrx_word' id='word_1_98' title='bbox 158 1141 207 1219; x_wconf 87' lang='lat'><strong><em>13,</em></strong></span> <span class='ocrx_word' id='word_1_99' title='bbox 223 1142 256 1204; x_wconf 83' lang='lat'><strong><em>2:</em></strong></span> <span class='ocrx_word' id='word_1_100' title='bbox 284 1141 418 1222; x_wconf 87' lang='lat' dir='ltr'><strong><em>deniqne</em></strong></span> <span class='ocrx_word' id='word_1_101' title='bbox 433 1141 584 1222; x_wconf 74' lang='lat' dir='ltr'><strong><em>probabis</em></strong></span> <span class='ocrx_word' id='word_1_102' title='bbox 606 1142 689 1205; x_wconf 89' lang='lat' dir='ltr'><strong><em>circa</em></strong></span> <span class='ocrx_word' id='word_1_103' title='bbox 711 1161 768 1206; x_wconf 89' lang='lat' dir='ltr'><strong><em>nos</em></strong></span> <span class='ocrx_word' id='word_1_104' title='bbox 784 1140 931 1222; x_wconf 75' lang='lat' dir='ltr'><strong><em>piurima</em></strong></span> <span class='ocrx_word' id='word_1_105' title='bbox 953 1161 993 1203; x_wconf 87' lang='lat' dir='ltr'><strong><em>erc</em></strong></span> <span class='ocrx_word' id='word_1_106' title='bbox 1012 1142 1106 1222; x_wconf 90' lang='lat' dir='ltr'><strong><em>parte</em></strong></span> <span class='ocrx_word' id='word_1_107' title='bbox 1126 1140 1294 1201; x_wconf 88' lang='lat' dir='ltr'><strong><em>metrorum</em></strong></span> <span class='ocrx_word' id='word_1_108' title='bbox 1334 1139 1384 1198; x_wconf 91' lang='lat' dir='ltr'><strong><em>tu-</em></strong></span> 
     </span>
     <span class='ocr_line' id='line_1_12' title="bbox 157 1243 688 1328; baseline 0.008 -22"><span class='ocrx_word' id='word_1_109' title='bbox 157 1243 213 1307; x_wconf 87' lang='lat' dir='ltr'><strong><em>dia</em></strong></span> <span class='ocrx_word' id='word_1_110' title='bbox 234 1243 436 1326; x_wconf 78' lang='lat' dir='ltr'><strong><em>refripescere</em></strong></span> <span class='ocrx_word' id='word_1_111' title='bbox 457 1245 525 1327; x_wconf 86' lang='lat' dir='ltr'><strong><em>(cfr.</em></strong></span> <span class='ocrx_word' id='word_1_112' title='bbox 550 1243 688 1328; x_wconf 83' lang='lat' dir='ltr'><strong><em>Georg.).</em></strong></span> 
     </span>
    </p>

    <p class='ocr_par' dir='ltr' id='par_1_2' title="bbox 157 1341 1385 1739">
     <span class='ocr_line' id='line_1_13' title="bbox 243 1341 1384 1431; baseline -0.007 -18"><span class='ocrx_word' id='word_1_113' title='bbox 243 1349 309 1413; x_wconf 90' lang='lat' dir='ltr'><strong><em>diu</em></strong></span> <span class='ocrx_word' id='word_1_114' title='bbox 332 1351 514 1431; x_wconf 85' lang='lat' dir='ltr'><strong><em>saepissimo</em></strong></span> <span class='ocrx_word' id='word_1_115' title='bbox 535 1350 707 1414; x_wconf 86' lang='lat' dir='ltr'><strong><em>invenitur:</em></strong></span> <span class='ocrx_word' id='word_1_116' title='bbox 745 1350 799 1413; x_wconf 90' lang='lat' dir='ltr'><strong><em>sed</em></strong></span> <span class='ocrx_word' id='word_1_117' title='bbox 822 1347 949 1429; x_wconf 87' lang='lat' dir='ltr'><strong><em>lonpum</em></strong></span> <span class='ocrx_word' id='word_1_118' title='bbox 966 1366 1091 1431; x_wconf 86' lang='lat' dir='ltr'><strong><em>quoque</em></strong></span> <span class='ocrx_word' id='word_1_119' title='bbox 1114 1348 1201 1410; x_wconf 81' lang='lat' dir='ltr'><strong><em>extat</em></strong></span> <span class='ocrx_word' id='word_1_120' title='bbox 1224 1348 1260 1408; x_wconf 91' lang='lat' dir='ltr'><strong><em>ut</em></strong></span> <span class='ocrx_word' id='word_1_121' title='bbox 1283 1341 1331 1405; x_wconf 93' lang='lat' dir='ltr'><strong><em>lll</em></strong></span> <span class='ocrx_word' id='word_1_122' title='bbox 1355 1343 1384 1420; x_wconf 90' lang='grc'>7,</span> 
     </span>
     <span class='ocr_line' id='line_1_14' title="bbox 159 1447 1384 1534; baseline -0.006 -19"><span class='ocrx_word' id='word_1_123' title='bbox 159 1450 193 1515; x_wconf 82' lang='lat'><strong><em>1:</em></strong></span> <span class='ocrx_word' id='word_1_124' title='bbox 217 1449 343 1532; x_wconf 84' lang='lat' dir='ltr'><strong><em>lcnpum</em></strong></span> <span class='ocrx_word' id='word_1_125' title='bbox 364 1472 385 1514; x_wconf 90' lang='lat' dir='ltr'><strong><em>a</em></strong></span> <span class='ocrx_word' id='word_1_126' title='bbox 403 1450 519 1514; x_wconf 79' lang='lat' dir='ltr'><strong><em>bitteris</em></strong></span> <span class='ocrx_word' id='word_1_127' title='bbox 536 1452 726 1534; x_wconf 75' lang='lat' dir='ltr'><strong><em>temperabis.</em></strong></span> <span class='ocrx_word' id='word_1_128' title='bbox 761 1449 810 1515; x_wconf 89' lang='lat' dir='ltr'><strong><em>lX</em></strong></span> <span class='ocrx_word' id='word_1_129' title='bbox 821 1453 850 1529; x_wconf 87' lang='lat'><strong><em>3,</em></strong></span> <span class='ocrx_word' id='word_1_130' title='bbox 867 1451 886 1515; x_wconf 83' lang='lat'>6</span> <span class='ocrx_word' id='word_1_131' title='bbox 910 1455 942 1515; x_wconf 88' lang='lat' dir='ltr'><strong><em>et</em></strong></span> <span class='ocrx_word' id='word_1_132' title='bbox 963 1447 1011 1513; x_wconf 90' lang='lat' dir='ltr'><strong><em>IX</em></strong></span> <span class='ocrx_word' id='word_1_133' title='bbox 1029 1449 1058 1527; x_wconf 88' lang='grc'><strong><em>9,</em></strong></span> <span class='ocrx_word' id='word_1_134' title='bbox 1076 1449 1110 1513; x_wconf 89' lang='lat'><strong><em>1:</em></strong></span> <span class='ocrx_word' id='word_1_135' title='bbox 1133 1447 1260 1530; x_wconf 84' lang='lat' dir='ltr'><strong><em>lonpum</em></strong></span> <span class='ocrx_word' id='word_1_136' title='bbox 1275 1450 1384 1509; x_wconf 90' lang='lat' dir='ltr'><strong><em>tacere.</em></strong></span> 
     </span>
     <span class='ocr_line' id='line_1_15' title="bbox 157 1550 1385 1637; baseline -0.004 -21"><span class='ocrx_word' id='word_1_137' title='bbox 157 1551 206 1617; x_wconf 90' lang='lat' dir='ltr'><strong><em>III</em></strong></span> <span class='ocrx_word' id='word_1_138' title='bbox 229 1555 259 1629; x_wconf 82' lang='lat'><strong><em>2,</em></strong></span> <span class='ocrx_word' id='word_1_139' title='bbox 282 1554 319 1619; x_wconf 81' lang='lat'><strong><em>4:</em></strong></span> <span class='ocrx_word' id='word_1_140' title='bbox 346 1554 471 1637; x_wconf 85' lang='lat' dir='ltr'><strong><em>pratiae</em></strong></span> <span class='ocrx_word' id='word_1_141' title='bbox 575 1553 702 1637; x_wconf 84' lang='lat' dir='ltr'><strong><em>loupum</em></strong></span> <span class='ocrx_word' id='word_1_142' title='bbox 728 1554 786 1618; x_wconf 92' lang='lat' dir='ltr'><strong><em>tibi</em></strong></span> <span class='ocrx_word' id='word_1_143' title='bbox 810 1552 1035 1618; x_wconf 76' lang='lat' dir='ltr'><strong><em>redhibeantur</em></strong></span> <span class='ocrx_word' id='word_1_144' title='bbox 1056 1571 1152 1632; x_wconf 87' lang='lat' dir='ltr'><strong><em>quam</em></strong></span> <span class='ocrx_word' id='word_1_145' title='bbox 1173 1550 1385 1632; x_wconf 78' lang='lat' dir='ltr'><strong><em>fundamenta</em></strong></span> 
     </span>
     <span class='ocr_line' id='line_1_16' title="bbox 158 1655 1384 1739; baseline -0.003 -19"><span class='ocrx_word' id='word_1_146' title='bbox 158 1659 224 1720; x_wconf 94' lang='lat' dir='ltr'><strong><em>tam</em></strong></span> <span class='ocrx_word' id='word_1_147' title='bbox 252 1655 401 1720; x_wconf 88' lang='lat' dir='ltr'><strong><em>culmina.</em></strong></span> <span class='ocrx_word' id='word_1_148' title='bbox 447 1658 477 1721; x_wconf 96' lang='lat' dir='ltr'><strong><em>ll</em></strong></span> <span class='ocrx_word' id='word_1_149' title='bbox 509 1658 559 1735; x_wconf 87' lang='grc'><strong><em>18,</em></strong></span> <span class='ocrx_word' id='word_1_150' title='bbox 584 1661 619 1723; x_wconf 84' lang='lat'><strong><em>5:</em></strong></span> <span class='ocrx_word' id='word_1_151' title='bbox 656 1677 720 1722; x_wconf 89' lang='lat' dir='ltr'><strong><em>non</em></strong></span> <span class='ocrx_word' id='word_1_152' title='bbox 747 1678 811 1721; x_wconf 94' lang='lat' dir='ltr'><strong><em>uno</em></strong></span> <span class='ocrx_word' id='word_1_153' title='bbox 840 1657 965 1739; x_wconf 80' lang='lat' dir='ltr'><strong><em>lampius</em></strong></span> <span class='ocrx_word' id='word_1_154' title='bbox 992 1655 1130 1739; x_wconf 91' lang='lat' dir='ltr'><strong><em>prandio</em></strong></span> <span class='ocrx_word' id='word_1_155' title='bbox 1163 1658 1258 1736; x_wconf 81' lang='lat' dir='ltr'><strong><em>atque</em></strong></span> <span class='ocrx_word' id='word_1_156' title='bbox 1289 1655 1384 1717; x_wconf 85' lang='lat' dir='ltr'><strong><em>etiam</em></strong></span> 
     </span>
    </p>
   </div>
   <div class='ocr_carea' id='block_1_2' title="bbox 157 1757 1385 2359">
    <p class='ocr_par' dir='ltr' id='par_1_3' title="bbox 157 1757 1385 2157">
     <span class='ocr_line' id='line_1_17' title="bbox 158 1757 1384 1843; baseline -0.002 -20"><span class='ocrx_word' id='word_1_157' title='bbox 158 1758 247 1842; x_wconf 85' lang='lat' dir='ltr'><strong><em>lcnpo</em></strong></span> <span class='ocrx_word' id='word_1_158' title='bbox 280 1763 415 1843; x_wconf 87' lang='lat' dir='ltr'><strong><em>tempore</em></strong></span> <span class='ocrx_word' id='word_1_159' title='bbox 440 1758 524 1841; x_wconf 88' lang='grc'>116,</span> <span class='ocrx_word' id='word_1_160' title='bbox 553 1762 570 1827; x_wconf 97' lang='grc'><strong><em>1</em></strong></span> <span class='ocrx_word' id='word_1_161' title='bbox 603 1767 636 1828; x_wconf 86' lang='lat' dir='ltr'><strong><em>et</em></strong></span> <span class='ocrx_word' id='word_1_162' title='bbox 663 1763 713 1840; x_wconf 91' lang='grc'><strong><em>16,</em></strong></span> <span class='ocrx_word' id='word_1_163' title='bbox 742 1763 783 1826; x_wconf 91' lang='grc'><strong><em>65</em></strong></span> <span class='ocrx_word' id='word_1_164' title='bbox 817 1761 1028 1843; x_wconf 79' lang='lat' dir='ltr'><strong><em>(Frunoogall.</em></strong></span> <span class='ocrx_word' id='word_1_165' title='bbox 1059 1757 1256 1839; x_wconf 86' lang='lat' dir='ltr'><strong><em>lonptemps):</em></strong></span> <span class='ocrx_word' id='word_1_166' title='bbox 1289 1776 1384 1838; x_wconf 83' lang='lat' dir='ltr'><strong><em>quam</em></strong></span> 
     </span>
     <span class='ocr_line' id='line_1_18' title="bbox 157 1857 1385 1949; baseline -0.006 -22"><span class='ocrx_word' id='word_1_167' title='bbox 157 1864 350 1929; x_wconf 89' lang='lat' dir='ltr'><strong><em>locutionem</em></strong></span> <span class='ocrx_word' id='word_1_168' title='bbox 372 1862 462 1945; x_wconf 85' lang='lat' dir='ltr'><strong><em>leupo</em></strong></span> <span class='ocrx_word' id='word_1_169' title='bbox 483 1869 617 1944; x_wconf 90' lang='lat' dir='ltr'><strong><em>tempore</em></strong></span> <span class='ocrx_word' id='word_1_170' title='bbox 640 1866 722 1949; x_wconf 86' lang='lat' dir='ltr'><strong><em>opud</em></strong></span> <span class='ocrx_word' id='word_1_171' title='bbox 747 1868 936 1929; x_wconf 87' lang='lat' dir='ltr'><strong><em>Authimum</em></strong></span> <span class='ocrx_word' id='word_1_172' title='bbox 958 1867 991 1928; x_wconf 89' lang='lat' dir='ltr'><strong><em>et</em></strong></span> <span class='ocrx_word' id='word_1_173' title='bbox 1013 1863 1096 1928; x_wconf 83' lang='lat' dir='ltr'><strong><em>Cael.</em></strong></span> <span class='ocrx_word' id='word_1_174' title='bbox 1119 1862 1225 1925; x_wconf 82' lang='lat' dir='ltr'><strong><em>Aurel.</em></strong></span> <span class='ocrx_word' id='word_1_175' title='bbox 1249 1879 1305 1943; x_wconf 88' lang='lat' dir='ltr'><strong><em>pro</em></strong></span> <span class='ocrx_word' id='word_1_176' title='bbox 1327 1857 1385 1920; x_wconf 90' lang='lat' dir='ltr'><strong><em>diu</em></strong></span> 
     </span>
     <span class='ocr_line' id='line_1_19' title="bbox 159 1963 1384 2050; baseline -0.005 -19"><span class='ocrx_word' id='word_1_177' title='bbox 159 1985 239 2049; x_wconf 86' lang='lat' dir='ltr'><strong><em>quae</em></strong></span> <span class='ocrx_word' id='word_1_178' title='bbox 269 1987 327 2032; x_wconf 85' lang='lat' dir='ltr'><strong><em>vox</em></strong></span> <span class='ocrx_word' id='word_1_179' title='bbox 359 1969 443 2050; x_wconf 87' lang='lat' dir='ltr'><strong><em>apud</em></strong></span> <span class='ocrx_word' id='word_1_180' title='bbox 474 1988 528 2034; x_wconf 87' lang='lat' dir='ltr'><strong><em>eos</em></strong></span> <span class='ocrx_word' id='word_1_181' title='bbox 559 1971 685 2034; x_wconf 91' lang='lat' dir='ltr'><strong><em>omnino</em></strong></span> <span class='ocrx_word' id='word_1_182' title='bbox 715 1989 777 2034; x_wconf 93' lang='lat' dir='ltr'><strong><em>non</em></strong></span> <span class='ocrx_word' id='word_1_183' title='bbox 804 1970 981 2033; x_wconf 84' lang='lat' dir='ltr'><strong><em>inveniatur</em></strong></span> <span class='ocrx_word' id='word_1_184' title='bbox 1011 1984 1133 2048; x_wconf 85' lang='lat' dir='ltr'><strong><em>semper</em></strong></span> <span class='ocrx_word' id='word_1_185' title='bbox 1155 1964 1218 2046; x_wconf 80' lang='lat' dir='ltr'><strong><em>legi</em></strong></span> <span class='ocrx_word' id='word_1_186' title='bbox 1242 1963 1384 2027; x_wconf 80' lang='lat' dir='ltr'><strong><em>Wollllin</em></strong></span> 
     </span>
     <span class='ocr_line' id='line_1_20' title="bbox 157 2070 627 2157; baseline 0.011 -24"><span class='ocrx_word' id='word_1_187' title='bbox 157 2070 179 2133; x_wconf 90' lang='lat' dir='ltr'><strong><em>l.</em></strong></span> <span class='ocrx_word' id='word_1_188' title='bbox 203 2071 221 2133; x_wconf 93' lang='lat' dir='ltr'><strong><em>l.</em></strong></span> <span class='ocrx_word' id='word_1_189' title='bbox 244 2091 273 2153; x_wconf 91' lang='lat' dir='ltr'><strong><em>p.</em></strong></span> <span class='ocrx_word' id='word_1_190' title='bbox 296 2073 336 2135; x_wconf 89' lang='grc'><strong><em>67</em></strong></span> <span class='ocrx_word' id='word_1_191' title='bbox 363 2071 463 2136; x_wconf 90' lang='lat' dir='ltr'><strong><em>docet.</em></strong></span> <span class='ocrx_word' id='word_1_192' title='bbox 624 2152 627 2157; x_wconf 24' lang='lat'><strong>⁴</strong></span> 
     </span>
    </p>

    <p class='ocr_par' dir='ltr' id='par_1_4' title="bbox 158 2169 1384 2359">
     <span class='ocr_line' id='line_1_21' title="bbox 175 2169 1384 2258; baseline -0.005 -21"><span class='ocrx_word' id='word_1_193' title='bbox 175 2244 177 2251; x_wconf 21' lang='lat' dir='ltr'><strong><em>s</em></strong></span> <span class='ocrx_word' id='word_1_194' title='bbox 244 2175 335 2238; x_wconf 90' lang='lat' dir='ltr'><strong><em>dum</em></strong></span> <span class='ocrx_word' id='word_1_195' title='bbox 359 2194 384 2239; x_wconf 91' lang='lat' dir='ltr'><strong><em>o.</em></strong></span> <span class='ocrx_word' id='word_1_196' title='bbox 409 2176 564 2240; x_wconf 85' lang='lat' dir='ltr'><strong><em>coniunct.</em></strong></span> <span class='ocrx_word' id='word_1_197' title='bbox 593 2194 649 2258; x_wconf 89' lang='lat' dir='ltr'><strong><em>pro</em></strong></span> <span class='ocrx_word' id='word_1_198' title='bbox 680 2193 750 2237; x_wconf 90' lang='lat' dir='ltr'><strong><em>cum</em></strong></span> <span class='ocrx_word' id='word_1_199' title='bbox 779 2173 958 2252; x_wconf 83' lang='lat' dir='ltr'>1V11‚7:</span> <span class='ocrx_word' id='word_1_200' title='bbox 992 2172 1068 2236; x_wconf 91' lang='lat' dir='ltr'><strong><em>dum</em></strong></span> <span class='ocrx_word' id='word_1_201' title='bbox 1096 2171 1178 2252; x_wconf 79' lang='lat' dir='ltr'><strong><em>forte</em></strong></span> <span class='ocrx_word' id='word_1_202' title='bbox 1204 2169 1384 2243; x_wconf 86' lang='lat' dir='ltr'><strong><em>meditarer,</em></strong></span> 
     </span>
     <span class='ocr_line' id='line_1_22' title="bbox 158 2272 1384 2359; baseline -0.002 -22"><span class='ocrx_word' id='word_1_203' title='bbox 158 2272 300 2338; x_wconf 77' lang='lat' dir='ltr'><strong><em>lacrimis</em></strong></span> <span class='ocrx_word' id='word_1_204' title='bbox 321 2274 460 2339; x_wconf 80' lang='lat' dir='ltr'><strong><em>habenas</em></strong></span> <span class='ocrx_word' id='word_1_205' title='bbox 482 2275 600 2339; x_wconf 85' lang='lat' dir='ltr'><strong><em>locari.</em></strong></span> <span class='ocrx_word' id='word_1_206' title='bbox 645 2279 689 2342; x_wconf 91' lang='lat' dir='ltr'><strong><em>IV</em></strong></span> <span class='ocrx_word' id='word_1_207' title='bbox 713 2277 761 2355; x_wconf 87' lang='grc'><strong><em>14,</em></strong></span> <span class='ocrx_word' id='word_1_208' title='bbox 786 2278 803 2341; x_wconf 92' lang='grc'><strong><em>1</em></strong></span> <span class='ocrx_word' id='word_1_209' title='bbox 835 2297 896 2359; x_wconf 93' lang='lat' dir='ltr'><strong><em>quo</em></strong></span> <span class='ocrx_word' id='word_1_210' title='bbox 920 2279 989 2343; x_wconf 89' lang='lat' dir='ltr'><strong><em>loco</em></strong></span> <span class='ocrx_word' id='word_1_211' title='bbox 1011 2277 1112 2341; x_wconf 81' lang='lat' dir='ltr'><strong><em>Taciti</em></strong></span> <span class='ocrx_word' id='word_1_212' title='bbox 1136 2275 1230 2341; x_wconf 83' lang='lat' dir='ltr'><strong><em>verbe</em></strong></span> <span class='ocrx_word' id='word_1_213' title='bbox 1253 2293 1290 2338; x_wconf 86' lang='lat' dir='ltr'><strong><em>ex</em></strong></span> <span class='ocrx_word' id='word_1_214' title='bbox 1311 2274 1384 2337; x_wconf 89' lang='lat' dir='ltr'><strong><em>hist.</em></strong></span> 
     </span>
    </p>
   </div>
   <div class='ocr_carea' id='block_1_3' title="bbox 159 2375 1385 2463">
    <p class='ocr_par' dir='ltr' id='par_1_5' title="bbox 159 2375 1385 2463">
     <span class='ocr_line' id='line_1_23' title="bbox 159 2375 1385 2463; baseline -0.002 -24"><span class='ocrx_word' id='word_1_215' title='bbox 159 2375 185 2439; x_wconf 94' lang='lat' dir='ltr'>V</span> <span class='ocrx_word' id='word_1_216' title='bbox 209 2378 250 2442; x_wconf 88' lang='grc'><strong><em>26</em></strong></span> <span class='ocrx_word' id='word_1_217' title='bbox 272 2382 406 2463; x_wconf 86' lang='lat' dir='ltr'><strong><em>repetita</em></strong></span> <span class='ocrx_word' id='word_1_218' title='bbox 429 2382 557 2445; x_wconf 86' lang='lat' dir='ltr'><strong><em>liberius</em></strong></span> <span class='ocrx_word' id='word_1_219' title='bbox 580 2382 750 2447; x_wconf 81' lang='lat' dir='ltr'><strong><em>laudantur</em></strong></span> <span class='ocrx_word' id='word_1_220' title='bbox 772 2383 856 2447; x_wconf 91' lang='lat' dir='ltr'><strong><em>hunc</em></strong></span> <span class='ocrx_word' id='word_1_221' title='bbox 878 2384 912 2446; x_wconf 91' lang='lat' dir='ltr'><strong><em>in</em></strong></span> <span class='ocrx_word' id='word_1_222' title='bbox 934 2381 1079 2446; x_wconf 88' lang='lat' dir='ltr'><strong><em>modum:</em></strong></span> <span class='ocrx_word' id='word_1_223' title='bbox 1105 2397 1175 2441; x_wconf 91' lang='lat' dir='ltr'><strong><em>cum</em></strong></span> <span class='ocrx_word' id='word_1_224' title='bbox 1194 2375 1385 2456; x_wconf 77' lang='lat' dir='ltr'><strong><em>Vespasiano</em></strong></span> 
     </span>
    </p>
   </div>
   <div class='ocr_carea' id='block_1_4' title="bbox 157 2479 1385 3805">
    <p class='ocr_par' dir='ltr' id='par_1_6' title="bbox 157 2479 1385 3805">
     <span class='ocr_line' id='line_1_24' title="bbox 158 2479 1385 2566; baseline -0.002 -23"><span class='ocrx_word' id='word_1_225' title='bbox 158 2479 237 2543; x_wconf 79' lang='lat' dir='ltr'><strong><em>milii</em></strong></span> <span class='ocrx_word' id='word_1_226' title='bbox 260 2485 348 2545; x_wconf 88' lang='lat' dir='ltr'><strong><em>cetus</em></strong></span> <span class='ocrx_word' id='word_1_227' title='bbox 371 2483 523 2558; x_wconf 85' lang='lat' dir='ltr'><strong><em>amicitie,</em></strong></span> <span class='ocrx_word' id='word_1_228' title='bbox 546 2487 576 2546; x_wconf 94' lang='lat' dir='ltr'><strong><em>et</em></strong></span> <span class='ocrx_word' id='word_1_229' title='bbox 596 2483 670 2547; x_wconf 88' lang='lat' dir='ltr'><strong><em>dnm</em></strong></span> <span class='ocrx_word' id='word_1_230' title='bbox 687 2486 772 2565; x_wconf 78' lang='lat' dir='ltr'><strong><em>(Tac.</em></strong></span> <span class='ocrx_word' id='word_1_231' title='bbox 796 2484 896 2566; x_wconf 92' lang='lat' dir='ltr'><strong><em>cum)</em></strong></span> <span class='ocrx_word' id='word_1_232' title='bbox 917 2484 1065 2566; x_wconf 82' lang='lat' dir='ltr'><strong><em>priuatus</em></strong></span> <span class='ocrx_word' id='word_1_233' title='bbox 1080 2486 1166 2556; x_wconf 89' lang='lat' dir='ltr'><strong><em>esset,</em></strong></span> <span class='ocrx_word' id='word_1_234' title='bbox 1188 2480 1283 2544; x_wconf 89' lang='lat' dir='ltr'><strong><em>amici</em></strong></span> <span class='ocrx_word' id='word_1_235' title='bbox 1297 2498 1385 2542; x_wconf 88' lang='lat' dir='ltr'><strong><em>cocc-</em></strong></span> 
     </span>
     <span class='ocr_line' id='line_1_25' title="bbox 157 2580 1385 2670; baseline -0.003 -23"><span class='ocrx_word' id='word_1_236' title='bbox 157 2583 279 2647; x_wconf 91' lang='lat' dir='ltr'><strong><em>bamur.</em></strong></span> <span class='ocrx_word' id='word_1_237' title='bbox 330 2585 374 2650; x_wconf 93' lang='lat' dir='ltr'><strong><em>IV</em></strong></span> <span class='ocrx_word' id='word_1_238' title='bbox 398 2587 448 2664; x_wconf 89' lang='grc'>24,</span> <span class='ocrx_word' id='word_1_239' title='bbox 472 2587 507 2650; x_wconf 79' lang='grc' dir='ltr'><strong><em>4ε</em></strong></span> <span class='ocrx_word' id='word_1_240' title='bbox 544 2586 619 2650; x_wconf 94' lang='lat' dir='ltr'><strong><em>dum</em></strong></span> <span class='ocrx_word' id='word_1_241' title='bbox 645 2589 740 2670; x_wconf 89' lang='lat' dir='ltr'><strong><em>pueri</em></strong></span> <span class='ocrx_word' id='word_1_242' title='bbox 776 2586 961 2668; x_wconf 79' lang='lat' dir='ltr'><strong><em>clientesque</em></strong></span> <span class='ocrx_word' id='word_1_243' title='bbox 993 2584 1154 2665; x_wconf 82' lang='lat' dir='ltr'><strong><em>capiendis</em></strong></span> <span class='ocrx_word' id='word_1_244' title='bbox 1191 2580 1385 2646; x_wconf 88' lang='lat' dir='ltr'><strong><em>animalibus</em></strong></span> 
     </span>
     <span class='ocr_line' id='line_1_26' title="bbox 158 2685 1385 2773; baseline -0.002 -23"><span class='ocrx_word' id='word_1_245' title='bbox 158 2692 395 2770; x_wconf 83' lang='lat' dir='ltr'><strong><em>occuparentur,</em></strong></span> <span class='ocrx_word' id='word_1_246' title='bbox 418 2694 553 2754; x_wconf 91' lang='lat' dir='ltr'><strong><em>secretae</em></strong></span> <span class='ocrx_word' id='word_1_247' title='bbox 575 2689 797 2754; x_wconf 76' lang='lat' dir='ltr'><strong><em>conlocutionis</em></strong></span> <span class='ocrx_word' id='word_1_248' title='bbox 815 2694 887 2771; x_wconf 92' lang='lat' dir='ltr'><strong><em>peto</em></strong></span> <span class='ocrx_word' id='word_1_249' title='bbox 909 2690 1038 2773; x_wconf 88' lang='lat' dir='ltr'><strong><em>copiam.</em></strong></span> <span class='ocrx_word' id='word_1_250' title='bbox 1077 2686 1153 2751; x_wconf 91' lang='lat' dir='ltr'><strong><em>Vlll</em></strong></span> <span class='ocrx_word' id='word_1_251' title='bbox 1177 2688 1206 2764; x_wconf 87' lang='grc'><strong><em>6,</em></strong></span> <span class='ocrx_word' id='word_1_252' title='bbox 1231 2687 1287 2751; x_wconf 73' lang='lat'><strong><em>132</em></strong></span> <span class='ocrx_word' id='word_1_253' title='bbox 1309 2685 1385 2748; x_wconf 87' lang='lat' dir='ltr'><strong><em>dum</em></strong></span> 
     </span>
     <span class='ocr_line' id='line_1_27' title="bbox 158 2788 1385 2876; baseline 0.001 -24"><span class='ocrx_word' id='word_1_254' title='bbox 158 2788 327 2875; x_wconf 86' lang='lat' dir='ltr'><strong><em>epistulam</em></strong></span> <span class='ocrx_word' id='word_1_255' title='bbox 356 2790 502 2855; x_wconf 90' lang='lat' dir='ltr'><strong><em>claudere</em></strong></span> <span class='ocrx_word' id='word_1_256' title='bbox 531 2796 684 2876; x_wconf 90' lang='lat' dir='ltr'><strong><em>optarem,</em></strong></span> <span class='ocrx_word' id='word_1_257' title='bbox 718 2793 841 2857; x_wconf 89' lang='lat' dir='ltr'><strong><em>subitus</em></strong></span> <span class='ocrx_word' id='word_1_258' title='bbox 872 2813 894 2856; x_wconf 91' lang='lat' dir='ltr'><strong><em>a</em></strong></span> <span class='ocrx_word' id='word_1_259' title='bbox 921 2791 1073 2857; x_wconf 79' lang='lat' dir='ltr'><strong><em>Santords</em></strong></span> <span class='ocrx_word' id='word_1_260' title='bbox 1104 2790 1248 2854; x_wconf 88' lang='lat' dir='ltr'><strong><em>nuntius.</em></strong></span> <span class='ocrx_word' id='word_1_261' title='bbox 1296 2791 1385 2854; x_wconf 88' lang='lat' dir='ltr'><strong><em>ouius</em></strong></span> 
     </span>
     <span class='ocr_line' id='line_1_28' title="bbox 159 2894 1385 2980; baseline -0.002 -22"><span class='ocrx_word' id='word_1_262' title='bbox 159 2896 336 2959; x_wconf 87' lang='lat' dir='ltr'><strong><em>structuras</em></strong></span> <span class='ocrx_word' id='word_1_263' title='bbox 363 2898 505 2978; x_wconf 85' lang='lat' dir='ltr'><strong><em>exempla</em></strong></span> <span class='ocrx_word' id='word_1_264' title='bbox 535 2916 716 2979; x_wconf 81' lang='lat' dir='ltr'><strong><em>quanquam</em></strong></span> <span class='ocrx_word' id='word_1_265' title='bbox 744 2899 809 2962; x_wconf 87' lang='lat' dir='ltr'><strong><em>iam</em></strong></span> <span class='ocrx_word' id='word_1_266' title='bbox 839 2898 923 2980; x_wconf 82' lang='lat' dir='ltr'><strong><em>apud</em></strong></span> <span class='ocrx_word' id='word_1_267' title='bbox 944 2898 1008 2961; x_wconf 89' lang='lat' dir='ltr'><strong><em>Liv.</em></strong></span> <span class='ocrx_word' id='word_1_268' title='bbox 1033 2899 1142 2962; x_wconf 81' lang='lat' dir='ltr'><strong><em>extant</em></strong></span> <span class='ocrx_word' id='word_1_269' title='bbox 1163 2894 1326 2977; x_wconf 81' lang='lat' dir='ltr'><strong><em>complure</em></strong></span> <span class='ocrx_word' id='word_1_270' title='bbox 1347 2896 1385 2957; x_wconf 93' lang='lat' dir='ltr'><strong><em>ut</em></strong></span> 
     </span>
     <span class='ocr_line' id='line_1_29' title="bbox 160 2995 1385 3074; baseline -0.002 -15"><span class='ocrx_word' id='word_1_271' title='bbox 160 2995 174 3059; x_wconf 91' lang='lat' dir='ltr'><strong><em>l</em></strong></span> <span class='ocrx_word' id='word_1_272' title='bbox 196 2995 247 3074; x_wconf 83' lang='lat'><strong><em>40,</em></strong></span> <span class='ocrx_word' id='word_1_273' title='bbox 273 2999 308 3061; x_wconf 83' lang='lat'><strong><em>7:</em></strong></span> <span class='ocrx_word' id='word_1_274' title='bbox 330 2996 405 3059; x_wconf 90' lang='lat' dir='ltr'><strong><em>dum</em></strong></span> <span class='ocrx_word' id='word_1_275' title='bbox 427 2997 569 3062; x_wconf 88' lang='lat' dir='ltr'><strong><em>intentus</em></strong></span> <span class='ocrx_word' id='word_1_276' title='bbox 589 2999 626 3063; x_wconf 90' lang='lat' dir='ltr'><strong><em>in</em></strong></span> <span class='ocrx_word' id='word_1_277' title='bbox 647 3020 718 3062; x_wconf 93' lang='lat' dir='ltr'><strong><em>eum</em></strong></span> <span class='ocrx_word' id='word_1_278' title='bbox 739 3018 771 3063; x_wconf 88' lang='lat' dir='ltr'><strong><em>se</em></strong></span> <span class='ocrx_word' id='word_1_279' title='bbox 793 3020 851 3062; x_wconf 88' lang='lat' dir='ltr'><strong><em>rerc</em></strong></span> <span class='ocrx_word' id='word_1_280' title='bbox 873 3003 957 3062; x_wconf 90' lang='lat' dir='ltr'><strong><em>totus</em></strong></span> <span class='ocrx_word' id='word_1_281' title='bbox 977 3001 1140 3073; x_wconf 82' lang='lat' dir='ltr'><strong><em>averteret,</em></strong></span> <span class='ocrx_word' id='word_1_282' title='bbox 1164 2995 1247 3060; x_wconf 89' lang='lat' dir='ltr'><strong><em>alter</em></strong></span> <span class='ocrx_word' id='word_1_283' title='bbox 1268 2995 1385 3058; x_wconf 89' lang='lat' dir='ltr'><strong><em>elatam</em></strong></span> 
     </span>
     <span class='ocr_line' id='line_1_30' title="bbox 158 3096 1385 3183; baseline 0 -23"><span class='ocrx_word' id='word_1_284' title='bbox 158 3097 292 3162; x_wconf 82' lang='lat' dir='ltr'><strong><em>securim</em></strong></span> <span class='ocrx_word' id='word_1_285' title='bbox 313 3099 349 3162; x_wconf 92' lang='lat' dir='ltr'><strong><em>in</em></strong></span> <span class='ocrx_word' id='word_1_286' title='bbox 370 3104 465 3183; x_wconf 89' lang='lat' dir='ltr'><strong><em>caput</em></strong></span> <span class='ocrx_word' id='word_1_287' title='bbox 485 3100 603 3164; x_wconf 84' lang='lat' dir='ltr'><strong><em>deiecit.</em></strong></span> <span class='ocrx_word' id='word_1_288' title='bbox 649 3100 753 3181; x_wconf 86' lang='lat'>1147,</span> <span class='ocrx_word' id='word_1_289' title='bbox 777 3106 805 3166; x_wconf 83' lang='lat'><strong><em>5.</em></strong></span> <span class='ocrx_word' id='word_1_290' title='bbox 833 3103 878 3167; x_wconf 91' lang='lat' dir='ltr'><strong><em>IV</em></strong></span> <span class='ocrx_word' id='word_1_291' title='bbox 901 3104 952 3179; x_wconf 83' lang='lat'><strong><em>25,</em></strong></span> <span class='ocrx_word' id='word_1_292' title='bbox 976 3102 1005 3166; x_wconf 87' lang='lat'><strong><em>9.</em></strong></span> <span class='ocrx_word' id='word_1_293' title='bbox 1036 3104 1082 3167; x_wconf 88' lang='lat' dir='ltr'><strong><em>IX</em></strong></span> <span class='ocrx_word' id='word_1_294' title='bbox 1106 3101 1154 3179; x_wconf 87' lang='grc'><strong><em>18,</em></strong></span> <span class='ocrx_word' id='word_1_295' title='bbox 1179 3100 1207 3165; x_wconf 90' lang='grc'><strong><em>1.</em></strong></span> <span class='ocrx_word' id='word_1_296' title='bbox 1238 3096 1385 3162; x_wconf 85' lang='lat' dir='ltr'><strong><em>XXXlX</em></strong></span> 
     </span>
     <span class='ocr_line' id='line_1_31' title="bbox 159 3200 1384 3288; baseline 0.002 -25"><span class='ocrx_word' id='word_1_297' title='bbox 159 3200 208 3279; x_wconf 88' lang='grc'>49,</span> <span class='ocrx_word' id='word_1_298' title='bbox 232 3203 261 3279; x_wconf 89' lang='grc'>8,</span> <span class='ocrx_word' id='word_1_299' title='bbox 284 3223 383 3268; x_wconf 90' lang='lat' dir='ltr'><strong><em>unum</em></strong></span> <span class='ocrx_word' id='word_1_300' title='bbox 405 3224 453 3287; x_wconf 87' lang='lat' dir='ltr'><strong><em>ap.</em></strong></span> <span class='ocrx_word' id='word_1_301' title='bbox 474 3202 566 3284; x_wconf 88' lang='lat' dir='ltr'><strong><em>Verg.</em></strong></span> <span class='ocrx_word' id='word_1_302' title='bbox 587 3204 642 3271; x_wconf 82' lang='lat' dir='ltr'><strong><em>Ge.</em></strong></span> <span class='ocrx_word' id='word_1_303' title='bbox 661 3204 704 3268; x_wconf 93' lang='lat' dir='ltr'><strong><em>IV</em></strong></span> <span class='ocrx_word' id='word_1_304' title='bbox 720 3204 793 3283; x_wconf 89' lang='grc'>457,</span> <span class='ocrx_word' id='word_1_305' title='bbox 816 3209 923 3271; x_wconf 87' lang='lat' dir='ltr'><strong><em>tamen</em></strong></span> <span class='ocrx_word' id='word_1_306' title='bbox 945 3225 1047 3288; x_wconf 82' lang='lat' dir='ltr'><strong><em>neque</em></strong></span> <span class='ocrx_word' id='word_1_307' title='bbox 1070 3224 1118 3288; x_wconf 87' lang='lat' dir='ltr'><strong><em>ap.</em></strong></span> <span class='ocrx_word' id='word_1_308' title='bbox 1133 3205 1205 3269; x_wconf 85' lang='lat' dir='ltr'><strong><em>Tac.</em></strong></span> <span class='ocrx_word' id='word_1_309' title='bbox 1228 3207 1284 3268; x_wconf 82' lang='lat' dir='ltr'><strong><em>aut</em></strong></span> <span class='ocrx_word' id='word_1_310' title='bbox 1300 3201 1384 3281; x_wconf 87' lang='lat' dir='ltr'><strong><em>Suet.</em></strong></span> 
     </span>
     <span class='ocr_line' id='line_1_32' title="bbox 159 3306 1384 3393; baseline 0.001 -25"><span class='ocrx_word' id='word_1_311' title='bbox 159 3307 222 3369; x_wconf 86' lang='lat' dir='ltr'><strong><em>aut.</em></strong></span> <span class='ocrx_word' id='word_1_312' title='bbox 236 3306 317 3370; x_wconf 78' lang='lat' dir='ltr'><strong><em>Flor.</em></strong></span> <span class='ocrx_word' id='word_1_313' title='bbox 331 3327 432 3389; x_wconf 90' lang='lat' dir='ltr'><strong><em>neque</em></strong></span> <span class='ocrx_word' id='word_1_314' title='bbox 448 3328 496 3390; x_wconf 86' lang='lat' dir='ltr'><strong><em>ap.</em></strong></span> <span class='ocrx_word' id='word_1_315' title='bbox 507 3308 599 3390; x_wconf 86' lang='lat' dir='ltr'><strong><em>Apul.</em></strong></span> <span class='ocrx_word' id='word_1_316' title='bbox 615 3310 825 3386; x_wconf 87' lang='lat' dir='ltr'><strong><em>inveniuntur,</em></strong></span> <span class='ocrx_word' id='word_1_317' title='bbox 841 3311 897 3373; x_wconf 88' lang='lat' dir='ltr'><strong><em>sed</em></strong></span> <span class='ocrx_word' id='word_1_318' title='bbox 912 3310 1080 3393; x_wconf 82' lang='lat' dir='ltr'><strong><em>scriptores</em></strong></span> <span class='ocrx_word' id='word_1_319' title='bbox 1094 3308 1220 3374; x_wconf 84' lang='lat' dir='ltr'><strong><em>demum</em></strong></span> <span class='ocrx_word' id='word_1_320' title='bbox 1235 3307 1384 3372; x_wconf 86' lang='lat' dir='ltr'><strong><em>historiae</em></strong></span> 
     </span>
     <span class='ocr_line' id='line_1_33' title="bbox 158 3409 1385 3495; baseline 0.002 -23"><span class='ocrx_word' id='word_1_321' title='bbox 158 3409 324 3490; x_wconf 76' lang='lat' dir='ltr'><strong><em>Augustae</em></strong></span> <span class='ocrx_word' id='word_1_322' title='bbox 352 3412 384 3473; x_wconf 87' lang='lat' dir='ltr'><strong><em>et</em></strong></span> <span class='ocrx_word' id='word_1_323' title='bbox 406 3413 482 3474; x_wconf 88' lang='lat' dir='ltr'><strong><em>Aur.</em></strong></span> <span class='ocrx_word' id='word_1_324' title='bbox 505 3411 614 3476; x_wconf 90' lang='lat' dir='ltr'><strong><em>Victor</em></strong></span> <span class='ocrx_word' id='word_1_325' title='bbox 636 3415 668 3476; x_wconf 88' lang='lat' dir='ltr'><strong><em>et</em></strong></span> <span class='ocrx_word' id='word_1_326' title='bbox 689 3417 792 3477; x_wconf 77' lang='lat' dir='ltr'><strong><em>Amin.</em></strong></span> <span class='ocrx_word' id='word_1_327' title='bbox 816 3413 911 3477; x_wconf 80' lang='lat' dir='ltr'><strong><em>Mero.</em></strong></span> <span class='ocrx_word' id='word_1_328' title='bbox 935 3413 1186 3495; x_wconf 84' lang='lat' dir='ltr'><strong><em>posterioresque</em></strong></span> <span class='ocrx_word' id='word_1_329' title='bbox 1207 3431 1278 3476; x_wconf 83' lang='lat' dir='ltr'><strong><em>eum</em></strong></span> <span class='ocrx_word' id='word_1_330' title='bbox 1300 3429 1385 3475; x_wconf 88' lang='lat' dir='ltr'><strong><em>rece·</em></strong></span> 
     </span>
     <span class='ocr_line' id='line_1_34' title="bbox 158 3513 1385 3599; baseline 0.001 -25"><span class='ocrx_word' id='word_1_331' title='bbox 158 3515 282 3594; x_wconf 87' lang='lat' dir='ltr'><strong><em>perant.</em></strong></span> <span class='ocrx_word' id='word_1_332' title='bbox 327 3531 460 3594; x_wconf 89' lang='lat' dir='ltr'><strong><em>quornm</em></strong></span> <span class='ocrx_word' id='word_1_333' title='bbox 482 3516 623 3598; x_wconf 85' lang='lat' dir='ltr'><strong><em>exempla</em></strong></span> <span class='ocrx_word' id='word_1_334' title='bbox 645 3519 872 3599; x_wconf 83' lang='lat' dir='ltr'><strong><em>congesserunt</em></strong></span> <span class='ocrx_word' id='word_1_335' title='bbox 893 3517 1035 3598; x_wconf 85' lang='lat' dir='ltr'><strong><em>Drucger</em></strong></span> <span class='ocrx_word' id='word_1_336' title='bbox 1055 3515 1088 3579; x_wconf 90' lang='lat' dir='ltr'>H</span> <span class='ocrx_word' id='word_1_337' title='bbox 1110 3514 1173 3578; x_wconf 89' lang='grc'><strong><em>609</em></strong></span> <span class='ocrx_word' id='word_1_338' title='bbox 1197 3518 1229 3578; x_wconf 85' lang='lat' dir='ltr'><strong><em>et</em></strong></span> <span class='ocrx_word' id='word_1_339' title='bbox 1243 3513 1385 3578; x_wconf 83' lang='lat' dir='ltr'><strong><em>Paucker</em></strong></span> 
     </span>
     <span class='ocr_line' id='line_1_35' title="bbox 158 3614 1384 3702; baseline 0.002 -25"><span class='ocrx_word' id='word_1_340' title='bbox 158 3614 229 3678; x_wconf 87' lang='lat' dir='ltr'><strong><em>libri</em></strong></span> <span class='ocrx_word' id='word_1_341' title='bbox 256 3615 306 3678; x_wconf 90' lang='lat' dir='ltr'><strong><em>oui</em></strong></span> <span class='ocrx_word' id='word_1_342' title='bbox 335 3616 519 3682; x_wconf 81' lang='lat' dir='ltr'><strong><em>inscribitur</em></strong></span> <span class='ocrx_word' id='word_1_343' title='bbox 554 3615 654 3699; x_wconf 86' lang='lat' dir='ltr'><strong><em>spicil.</em></strong></span> <span class='ocrx_word' id='word_1_344' title='bbox 683 3617 898 3682; x_wconf 77' lang='lat' dir='ltr'><strong><em>addcndomm</em></strong></span> <span class='ocrx_word' id='word_1_345' title='bbox 929 3617 1013 3682; x_wconf 81' lang='lat' dir='ltr'><strong><em>lercc.</em></strong></span> <span class='ocrx_word' id='word_1_346' title='bbox 1045 3617 1113 3681; x_wconf 87' lang='lat' dir='ltr'><strong><em>latt.</em></strong></span> <span class='ocrx_word' id='word_1_347' title='bbox 1144 3639 1174 3702; x_wconf 91' lang='lat' dir='ltr'><strong><em>p.</em></strong></span> <span class='ocrx_word' id='word_1_348' title='bbox 1205 3617 1245 3681; x_wconf 89' lang='grc'><strong><em>67</em></strong></span> <span class='ocrx_word' id='word_1_349' title='bbox 1273 3638 1304 3681; x_wconf 92' lang='lat' dir='ltr'><strong><em>n.</em></strong></span> <span class='ocrx_word' id='word_1_350' title='bbox 1334 3616 1384 3682; x_wconf 85' lang='lat'><strong><em>15.</em></strong></span> 
     </span>
     <span class='ocr_line' id='line_1_36' title="bbox 158 3716 1307 3805; baseline 0.002 -26"><span class='ocrx_word' id='word_1_351' title='bbox 158 3716 243 3782; x_wconf 90' lang='lat' dir='ltr'><strong><em>locos</em></strong></span> <span class='ocrx_word' id='word_1_352' title='bbox 266 3721 373 3782; x_wconf 86' lang='lat' dir='ltr'><strong><em>autem</em></strong></span> <span class='ocrx_word' id='word_1_353' title='bbox 397 3719 659 3804; x_wconf 85' lang='lat' dir='ltr'><strong><em>Hieronymianos</em></strong></span> <span class='ocrx_word' id='word_1_354' title='bbox 682 3723 822 3805; x_wconf 84' lang='lat' dir='ltr'><strong><em>aliosque</em></strong></span> <span class='ocrx_word' id='word_1_355' title='bbox 841 3724 970 3803; x_wconf 86' lang='lat' dir='ltr'><strong><em>collegit</em></strong></span> <span class='ocrx_word' id='word_1_356' title='bbox 992 3722 1104 3788; x_wconf 82' lang='grc'>061111</span> <span class='ocrx_word' id='word_1_357' title='bbox 1125 3743 1153 3805; x_wconf 91' lang='lat' dir='ltr'><strong><em>p.</em></strong></span> <span class='ocrx_word' id='word_1_358' title='bbox 1176 3721 1239 3785; x_wconf 84' lang='lat'><strong><em>358</em></strong></span> <span class='ocrx_word' id='word_1_359' title='bbox 1263 3740 1307 3802; x_wconf 95' lang='lat' dir='ltr'><strong><em>sq.</em></strong></span> 
     </span>
    </p>
   </div>
   <div class='ocr_carea' id='block_1_5' title="bbox 158 3885 1385 4037">
    <p class='ocr_par' dir='ltr' id='par_1_7' title="bbox 158 3885 1385 4037">
     <span class='ocr_line' id='line_1_37' title="bbox 245 3885 1385 3960; baseline 0.003 -21"><span class='ocrx_word' id='word_1_360' title='bbox 245 3885 267 3954; x_wconf 92' lang='lat'><strong><em>¹)</em></strong></span> <span class='ocrx_word' id='word_1_361' title='bbox 285 3885 399 3952; x_wconf 78' lang='lat' dir='ltr'><strong><em>[rucifer</em></strong></span> <span class='ocrx_word' id='word_1_362' title='bbox 420 3905 443 3940; x_wconf 87' lang='lat' dir='ltr'><strong><em>c.</em></strong></span> <span class='ocrx_word' id='word_1_363' title='bbox 467 3888 593 3956; x_wconf 83' lang='lat' dir='ltr'><strong><em>Oaplc&#39;ari</em></strong></span> <span class='ocrx_word' id='word_1_364' title='bbox 614 3889 673 3942; x_wconf 87' lang='lat' dir='ltr'><strong><em>und</em></strong></span> <span class='ocrx_word' id='word_1_365' title='bbox 695 3889 757 3943; x_wconf 87' lang='lat' dir='ltr'><strong><em>sein</em></strong></span> <span class='ocrx_word' id='word_1_366' title='bbox 773 3889 874 3944; x_wconf 63' lang='lat' dir='ltr'><strong><em>liutein</em></strong></span> <span class='ocrx_word' id='word_1_367' title='bbox 891 3894 940 3946; x_wconf 83' lang='lat' dir='ltr'><strong><em>aot.</em></strong></span> <span class='ocrx_word' id='word_1_368' title='bbox 960 3889 1088 3945; x_wconf 83' lang='lat' dir='ltr'><strong><em>Wlillflin.</em></strong></span> <span class='ocrx_word' id='word_1_369' title='bbox 1112 3889 1209 3960; x_wconf 88' lang='lat' dir='ltr'><strong><em>quibus</em></strong></span> <span class='ocrx_word' id='word_1_370' title='bbox 1227 3888 1385 3942; x_wconf 86' lang='lat' dir='ltr'><strong><em>inscribitur</em></strong></span> 
     </span>
     <span class='ocr_line' id='line_1_38' title="bbox 158 3961 993 4037; baseline 0.008 -23"><span class='ocrx_word' id='word_1_371' title='bbox 158 3961 261 4015; x_wconf 81' lang='lat' dir='ltr'><strong><em>Arclric</em></strong></span> <span class='ocrx_word' id='word_1_372' title='bbox 277 3962 326 4029; x_wconf 88' lang='lat' dir='ltr'><strong><em>fiir</em></strong></span> <span class='ocrx_word' id='word_1_373' title='bbox 343 3961 557 4033; x_wconf 79' lang='lat' dir='ltr'><strong><em>Leailcoprapleie</em></strong></span> <span class='ocrx_word' id='word_1_374' title='bbox 574 3965 633 4018; x_wconf 86' lang='lat' dir='ltr'><strong><em>rcnd</em></strong></span> <span class='ocrx_word' id='word_1_375' title='bbox 653 3965 829 4021; x_wconf 80' lang='lat' dir='ltr'><strong><em>Grammatilc</em></strong></span> <span class='ocrx_word' id='word_1_376' title='bbox 845 3967 887 4022; x_wconf 91' lang='grc' dir='ltr'><strong><em>ΙΠ</em></strong></span> <span class='ocrx_word' id='word_1_377' title='bbox 904 3985 930 4037; x_wconf 89' lang='lat' dir='ltr'><strong><em>p.</em></strong></span> <span class='ocrx_word' id='word_1_378' title='bbox 951 3971 993 4023; x_wconf 90' lang='lat'><strong><em>18.</em></strong></span> 
     </span>
    </p>
   </div>
   <div class='ocr_carea' id='block_1_6' title="bbox 243 4037 1383 4114">
    <p class='ocr_par' dir='ltr' id='par_1_8' title="bbox 243 4037 1383 4114">
     <span class='ocr_line' id='line_1_39' title="bbox 243 4037 1383 4114; baseline 0.004 -21"><span class='ocrx_word' id='word_1_379' title='bbox 243 4038 264 4106; x_wconf 73' lang='lat'><strong><em>⁹)</em></strong></span> <span class='ocrx_word' id='word_1_380' title='bbox 281 4037 408 4093; x_wconf 87' lang='lat' dir='ltr'><strong><em>similiter</em></strong></span> <span class='ocrx_word' id='word_1_381' title='bbox 426 4057 495 4094; x_wconf 90' lang='lat' dir='ltr'><strong><em>cura</em></strong></span> <span class='ocrx_word' id='word_1_382' title='bbox 512 4042 592 4096; x_wconf 82' lang='lat' dir='ltr'><strong><em>ubstr.</em></strong></span> <span class='ocrx_word' id='word_1_383' title='bbox 605 4059 645 4112; x_wconf 89' lang='lat' dir='ltr'><strong><em>pr.</em></strong></span> <span class='ocrx_word' id='word_1_384' title='bbox 659 4060 746 4098; x_wconf 88' lang='lat' dir='ltr'><strong><em>conor.</em></strong></span> <span class='ocrx_word' id='word_1_385' title='bbox 759 4044 784 4097; x_wconf 89' lang='lat' dir='ltr'>V</span> <span class='ocrx_word' id='word_1_386' title='bbox 797 4047 835 4114; x_wconf 85' lang='grc'><strong><em>16,</em></strong></span> <span class='ocrx_word' id='word_1_387' title='bbox 849 4050 876 4099; x_wconf 84' lang='lat'><strong><em>5:</em></strong></span> <span class='ocrx_word' id='word_1_388' title='bbox 894 4044 997 4099; x_wconf 84' lang='lat' dir='ltr'><strong><em>Roscia</em></strong></span> <span class='ocrx_word' id='word_1_389' title='bbox 1014 4045 1124 4108; x_wconf 88' lang='lat' dir='ltr'><strong><em>salutat,</em></strong></span> <span class='ocrx_word' id='word_1_390' title='bbox 1138 4061 1207 4100; x_wconf 87' lang='lat' dir='ltr'><strong><em>cura</em></strong></span> <span class='ocrx_word' id='word_1_391' title='bbox 1219 4044 1383 4099; x_wconf 84' lang='lat' dir='ltr'><strong><em>communis.</em></strong></span> 
     </span>
    </p>
   </div>
   <div class='ocr_carea' id='block_1_7' title="bbox 0 0 1551 4898">
    <p class='ocr_par' dir='ltr' id='par_1_9' title="bbox 0 0 1551 4898">
     <span class='ocr_line' id='line_1_40' title="bbox 0 0 1551 4898; baseline 0 0"><span class='ocrx_word' id='word_1_392' title='bbox 0 0 1551 4898; x_wconf 95' lang='lat' dir='ltr'><strong><em> </em></strong></span> 
     </span>
    </p>
   </div>
  </div>
 </body>
</html>
