3090 4898
694 195 754 260 101

108 381 267 445 reticenda
288 380 337 444 oet
360 381 489 446 reticere
508 380 694 465 proposita).
748 385 839 447 esto
863 382 923 446 VH
945 385 975 460 9,
1002 385 1054 446 18:
1085 381 1169 462 qnod
1189 379 1340 444 hactenns

108 504 158 550 eos
183 488 246 549 esto
271 488 399 568 putatos
425 487 480 566 (sc.
512 488 688 570 superiores
718 504 815 567 quam
844 483 1054 568 Simplicium)
1086 483 1190 567 (Lacr.
1214 486 1242 562 3,
1267 487 1338 549 733.

110 589 198 654 Varr.
221 591 241 652 I.
264 590 284 651 I.
308 590 338 654 X
360 589 388 665 3,
412 591 461 653 43.
493 589 568 653 Hor.
591 608 660 673 epp.
683 588 700 653 I
722 589 794 667 81);
833 593 942 653 contra
965 608 1051 670 sequ.
1074 589 1230 652 ooniuuot.
1263 587 1339 651 VIII

30 678 36 685 ⁸
109 692 138 768 6,
158 692 215 755 ll:
239 693 302 754 esto
320 689 363 752 sit
383 689 582 773 indulpentia
605 690 735 773 dipnum
758 695 791 755 et
812 693 906 756 verbo
929 691 1016 755 finito
1041 691 1100 766 10,
1116 693 1152 754 4ε
1175 693 1238 752 esto
1259 686 1341 751 mul·

109 792 262 876 tiplicatis
283 793 342 856 'tibi
363 793 554 876 spumabunt
578 797 684 856 musta
705 792 828 856 uinetis.
875 795 1077 859 *incisum
1099 797 1162 858 881
1183 793 1224 856 in
1248 812 1339 858 aere

109 897 164 976 (=
179 894 367 977 constat).V
388 898 415 973 3,
431 898 466 959 4:
489 895 573 959 illua
593 895 629 958 in
651 916 724 959 aere
745 895 860 959 credite
882 895 1017 959 incisum
1038 915 1095 959 nos
1166 915 1338 976 numquam

107 998 302 1062 admissuros
322 998 441 1061 amoris
465 997 643 1063 terminum.
676 1001 878 1065 *insitum
900 1001 1239 1081 institutumque
1260 996 1337 1080 (est)

108 1103 141 1166 ΙΙ
164 1104 192 1178 0,
215 1102 251 1166 6;
278 1101 472 1164 senatorium
493 1101 763 1182 admodumque
791 1101 924 1166 insitum
953 1101 1196 1180 institutumque
1222 1099 1339 1163 multas

109 1203 219 1287 epulas
304 1204 431 1287 apponi.
478 1206 581 1287 *quo
604 1208 772 1289 spectat
794 1205 838 1268 IV
856 1207 884 1282 7,
903 1207 937 1269 l:
959 1224 1019 1285 quo
1037 1207 1150 1287 spectet
1167 1203 1230 1265 ista
1246 1222 1339 1285 prac-

107 1305 216 1370 mitti?
238 1309 311 1372 cett.

193 1410 251 1474 His
268 1410 439 1474 adiecimus
463 1428 560 1474 uuum
577 1410 765 1474 adiectirum
780 1429 958 1493 paucaeque
974 1410 1149 1475 locutiones
1173 1411 1338 1492 exquibus

109 1531 171 1578 aco.
195 1533 219 1578 o.
241 1512 295 1576 inf.
318 1516 411 1596 aptus
433 1516 497 1577 est:

194 1618 400 1681 contentus
424 1617 452 1692 7,
476 1616 556 1680 275:
579 1614 645 1678 iam
666 1613 745 1677 oin‘a
763 1635 824 1694 per
843 1634 875 1678 se
890 1615 1030 1697 Apmina
1052 1617 1214 1681 contentus
1235 1633 1337 1676 ruere.

108 1717 448 1800 (corrasimus).
492 1720 787 1802 proverbialiter
810 1721 960 1784 celebre
985 1724 1045 1785 881
1068 1720 1099 1783 ΙΙ
1121 1721 1153 1799 0,
1180 1719 1216 1782 l:
1245 1736 1337 1796 saepe

110 1840 230 1884 morani
252 1839 317 1883 esse
340 1819 506 1884 meliorem.
559 1821 659 1887 fama
688 1824 893 1887 concinnat
923 1823 965 1887 VI
990 1823 1039 1900 12,
1062 1824 1098 1887 ὃς
1128 1818 1338 1882 1118818118

96 1923 200 2003 ,furna
223 1923 391 1988 concinnat
413 1923 599 2006 ...ipnotam
622 1923 849 1989 circumtulisse
873 1929 1045 1989 sementem.
1091 1943 1227 2009 operae
1249 1943 1337 2006 pre-

111 2029 208 2092 tium
231 2031 289 2093 est
304 2027 348 2092 IV
364 2029 393 2104 3,
413 2032 449 2093 2:
476 2046 561 2091 meac
582 2026 673 2107 fanni
687 2047 845 2107 personae
866 2048 962 2108 quam
982 2047 1094 2110 operae
1113 2025 1253 2106 pretinm
1274 2044 1339 2089 nori

109 2132 179 2193 erat
197 2128 349 2193 librorum
363 2150 492 2193 suorum
514 2129 618 2193 titulis
639 2129 851 2194 inclarescere.
895 2132 940 2195 VI
957 2132 1006 2207 12,
1029 2134 1064 2196 9;
1091 2129 1204 2210 quibus
1225 2150 1338 2208 operae

110 2232 177 2313 fuit
193 2232 336 2313 pretinm
356 2233 430 2314 pieri
451 2233 567 2313 famem
590 2252 679 2296 suam
696 2233 849 2312 periculo.
894 2234 971 2298 VIII
994 2234 1044 2311 11,
1069 2234 1104 2297 1:
1126 2232 1164 2296 cte
1185 2252 1245 2312 quo
1267 2218 1338 2295 oliu-

111 2334 176 2398 tius
197 2334 374 2415 occupando
398 2381 422 2401 ..
444 2355 557 2415 operae
573 2335 714 2416 pretinm
737 2340 783 2399 est
804 2337 906 2400 catina
922 2335 1115 2415 populorum
1137 2335 1245 2398 studia
1268 2354 1338 2399 eon-

109 2437 226 2519 1119888.
273 2439 515 2522 *promptum
538 2443 595 2503 est
616 2436 660 2503 IX
679 2439 728 2516 13,
744 2440 781 2502 23
804 2458 868 2501 non
884 2438 966 2501 enim
979 2441 1161 2519 promptam
1176 2441 1222 2500 est
1237 2457 1338 2501 unum

111 2540 303 2620 eandemque
318 2540 416 2621 probe
444 2540 551 2621 facere
578 2539 704 2621 aliquid
732 2544 761 2603 et
783 2561 867 2604 raro.
918 2561 1052 2607 sermo
1083 2546 1146 2607 est
1168 2542 1215 2605 III
1246 2543 1276 2618 0,
1300 2546 1336 2606 3;

110 2643 214 2708 creber
225 2643 471 2723 prouincialium
486 2664 585 2708 sermo
600 2648 645 2707 est
661 2663 783 2707 annam
799 2643 911 2707 bonum
927 2692 950 2708 ..
964 2644 1218 2708 existimandum.
1250 2649 1336 2709 tan-

110 2749 140 2812 ti
164 2752 222 2812 est
242 2748 286 2811 IV
303 2748 352 2823 10,
369 2749 405 2813 2:
427 2768 491 2811 non
505 2748 589 2811 enim
603 2747 687 2809 tanti
702 2751 747 2809 est
760 2746 859 2826 potiri
872 2746 1037 2827 formulas.
1076 2750 1235 2831 *volupe
1259 2745 1336 2828 (881)

111 2851 198 2933 8180
224 2853 262 2916 10
286 2849 328 2934 (p.
353 2850 416 2933 33).

195 2955 429 3019 Nominativi
451 2955 585 3037 denique
617 2973 703 3018 cum
732 2954 934 3019 infinitivo
957 2955 1099 3039 exempla
1129 2957 1166 3018 81
1195 2955 1257 3018 alia
1287 2957 1335 3017 ta·

111 3076 236 3122 ceamus
260 3059 364 3124 minus
386 3060 523 3140 insignia
544 3060 688 3124 attulisse
712 3059 850 3123 sufficiat
872 3059 950 3122 haec
971 3058 1187 3141 potissimum:

195 3160 414 3242 *agnoscor
446 3161 521 3224 VIII
551 3160 600 3237 11,
632 3164 666 3225 3:
707 3159 916 3238 Lampridius
945 3162 1052 3223 orator
1079 3159 1168 3222 moda
1194 3158 1337 3238 primurn

110 3261 227 3325 occisus
248 3261 327 3326 mitri
348 3261 530 3344 apnoscitur
552 3267 585 3328 et
607 3265 809 3346 permittor
832 3264 892 3327 VII
915 3263 965 3338 11,
991 3264 1024 3326 1:
1051 3260 1205 3324 desiderio
1227 3310 1249 3323 ..
1271 3280 1336 3324 meo

109 3383 310 3445 nequaquam
331 3365 516 3445 satisfacere
533 3364 710 3444 permittor.
755 3366 830 3441 112,
851 3368 907 3431 17:
930 3364 977 3427 ita
1000 3363 1065 3427 iltis
1087 3383 1142 3426 nec
1157 3362 1262 3426 redire
1282 3382 1337 3424 oa-

111 3464 246 3530 Ientibus
267 3485 324 3530 nec
345 3467 432 3530 eaire
447 3466 615 3546 permissis
638 3469 751 3548 (Amm.
773 3469 848 3532 XIV
866 3470 892 3545 1,
912 3471 946 3532 3:
968 3486 1024 3530 nec
1045 3466 1163 3545 hiscere
1183 3465 1338 3546 aecioqui

105 3569 290 3648 permissus.
341 3572 415 3636 XIV
432 3574 461 3648 2,
479 3573 535 3636 15:
558 3588 614 3633 nec
629 3570 806 3649 permissus
828 3573 874 3632 est
888 3569 1032 3651 conpredi
1054 3573 1086 3635 81
1099 3571 1246 3636 undecim
1268 3571 1337 3634 aliis

112 3673 270 3738 Ammiani
290 3674 383 3738 locis:
406 3676 530 3757 praeter
552 3693 625 3738 eum
647 3676 722 3737 Aur.
737 3672 818 3737 Vict.
840 3675 916 3755 orig.
932 3677 1016 3755 gent.
1038 3674 1126 3738 Rom.
1148 3675 1191 3738 IV
1202 3674 1230 3738 3.
1252 3674 1298 3738 IX
1311 3672 1338 3737 1.

111 3773 158 3838 IX
175 3778 203 3839 3.
225 3775 317 3839 XVII
340 3776 369 3839 4.
384 3776 465 3858 Aug.
481 3777 518 3841 de
542 3777 597 3841 civ.
613 3778 652 3841 D.
676 3775 759 3840 128.
803 3775 888 3841 Hier.
909 3795 954 3860 ep.
975 3776 1120 3854 108,19;
1143 3775 1172 3838 81
1186 3797 1250 3856 qua
1268 3780 1338 3839 erat

110 3874 225 3939 nobilis
247 3897 311 3941 non
334 3878 577 3958 permittebatur
598 3877 636 3942 dc
664 3877 752 3942 darno
773 3897 834 3942 sua
854 3876 968 3943 nocere
989 3879 1136 3954 comitem.
1188 3901 1214 3945 u.
1236 3881 1336 3945 Hilar.

111 3980 168 4043 23:
191 3984 360 4060 antequam
375 3980 518 4045 diabotus
535 3981 659 4045 beatum
672 3979 733 4045 Job
748 3984 871 4045 tentare
885 3983 1134 4062 permitteretur.
1178 3984 1210 4047 in
1226 3984 1336 4048 Erech.

23 4107 25 4113 ·
111 4102 223 4148 comm.
240 4085 337 4166 praef.
359 4083 424 4147 nisi
444 4083 516 4164 quis
538 4084 627 4164 apua
654 4103 704 4148 eos
797 4084 989 4149 tricesimmn
1009 4105 1130 4150 annum
1153 4085 1337 4166 impleverit,

110 4203 167 4248 nec
187 4184 355 4266 principia
374 4206 518 4269 peneseos
548 4205 604 4250 nec
626 4233 651 4249 ..
673 4185 773 4267 tepere
796 4187 1006 4266 permittitur.
1056 4191 1160 4255 Rufin.
1192 4192 1224 4255 iu
1254 4195 1337 4255 caut.

108 4287 157 4355 III
178 4311 208 4374 p.
230 4290 272 4354 40
295 4291 327 4357 L.
344 4289 420 4370 pati
438 4289 669 4371 persecutiones
685 4288 886 4370 permittitur
908 4289 1059 4375 ecclesia).
