3090 4898
828 202 847 265 6

224 389 318 452 editio
342 386 611 470 Luctiohannea1)
634 407 730 471 quam
753 407 834 452 anno
863 389 1022 472 superiore
1044 409 1225 472 quanquam
1249 409 1374 454 summa
1397 409 1458 474 ope

223 491 287 555 nixi
309 492 480 575 impetrare
501 511 565 557 non
588 493 749 575 potuimus
758 489 785 574 a)
813 493 906 557 modo
929 494 1075 577 apparuit
1097 493 1142 557 ita
1164 497 1201 557 ut
1219 492 1458 557 observationes

222 598 350 659 nostrae
384 596 417 658 in
451 595 597 659 editionis
627 592 899 677 Sirmondianae⁸)
937 595 1127 660 lectionibus
1161 615 1253 680 saepe
1289 596 1394 660 dubiis
1425 598 1459 660 et

158 778 160 783 ,
224 699 378 780 corruptis
396 698 486 763 initio
501 697 590 763 nixae
613 699 725 763 iamin
747 698 839 762 firmo
862 701 896 762 et
918 700 1025 764 stabili
1048 699 1138 781 quasi
1160 699 1367 764 fundamento
1391 699 1459 764 sint

225 804 355 888 positae.

309 906 519 970 Transeamus
541 906 606 969 iam
624 905 703 968 nihil
719 905 854 988 amplius
868 906 1005 988 praefati
1018 906 1056 969 ad
1073 906 1104 969 id
1122 906 1205 988 quod
1220 905 1454 988 proposuimus.

226 1027 262 1073 ao
284 1009 420 1092 primum
443 1009 482 1073 de
506 1009 570 1074 Sid.
595 1009 784 1092 etymologia
807 1009 1025 1091 exponendum
1047 1009 1182 1074 videtur.

736 1267 942 1275 -—--.-.——-

508 1487 587 1610 Pur
613 1487 637 1610 l.
669 1435 738 1611 lc
769 1485 960 1629 emulano
989 1485 1170 1611 lituum

401 1727 477 1808 §L
522 1727 574 1793 lle
602 1728 834 1810 primaeuae
863 1725 998 1793 dieitur
1026 1725 1275 1793 declinatione.

312 1865 467 1945 Quoniam
489 1866 586 1945 igitur
609 1884 646 1930 ea
668 1865 869 1948 potissimum
893 1884 972 1947 quae
997 1884 1015 1929 a
1037 1866 1228 1948 scriptorum
1251 1867 1455 1931 classicorum

226 1988 288 2032 usu
305 1969 477 2034 discedunt
499 1987 683 2032 enumerare
704 1968 794 2032 nobis
809 1969 1040 2053 proposuimus,
1063 1968 1142 2031 nihil
1164 1969 1279 2034 morati
1301 1970 1333 2032 in
1354 1969 1456 2033 forma

227 2073 357 2154 antiqua
380 2072 434 2136 sed
458 2072 568 2136 eadem
591 2071 736 2136 omnibus
760 2072 955 2154 temporibus
975 2071 1185 2137 usitatissima
1207 2069 1352 2149 seruilius
1374 2092 1455 2154 quae

228 2178 313 2240 extat
335 2194 498 2257 nunquam
518 2193 582 2238 nou
605 2175 773 2238 coniuncta
796 2176 982 2252 cumpater
1005 2176 1054 2240 vel
1075 2171 1166 2254 pilius
1189 2174 1220 2237 ΙΙ
1240 2177 1268 2252 9,
1289 2176 1317 2238 4.
1340 2174 1388 2238 Ill
1406 2176 1455 2252 11,

229 2280 256 2342 l.
279 2278 375 2354 174,
401 2279 429 2342 l.
452 2276 513 2341 Vll
536 2280 564 2354 2,
589 2277 643 2354 74)
666 2279 738 2341 cett.
761 2279 997 2342 memorandam
1025 2279 1205 2342 censuimus
1228 2278 1361 2342 formam
1383 2276 1455 2339 arai-

227 2381 411 2445 matasvss
425 2384 454 2458 9,
476 2379 495 2444 9
513 2378 586 2461 (pro
605 2378 774 2442 animabus
796 2379 1001 2456 intercedere)
1023 2400 1103 2462 quae
1127 2381 1210 2464 apud
1226 2381 1455 2445 ecclesiasticos

229 2487 397 2568 scriptores
428 2484 505 2547 satis
536 2485 664 2564 iulgata
693 2483 754 2546 fuit
784 2480 852 2562 (cfr.
882 2483 1054 2564 Georges⁶)
1083 2485 1103 2547 i.
1127 2504 1155 2548 v.
1185 2481 1308 2560 anima,
1344 2482 1456 2547 Gdlaer

228 2591 247 2653 l.
277 2589 297 2651 l.
328 2607 357 2669 p.
388 2587 459 2662 279,
493 2586 626 2667 denique
648 2585 768 2667 Neuess)
799 2586 813 2649 l
843 2587 901 2668 293
944 2586 1006 2651 cie.
1037 2587 1111 2650 fam.
1140 2585 1214 2648 XlV
1239 2586 1296 2648 14:
1333 2583 1456 2646 emtas

228 2687 362 2751 aaiaris
383 2687 474 2769 sais).

315 2791 457 2857 Genet.
490 2794 593 2875 plur.
624 2792 664 2857 in
692 2810 755 2852 ara
783 2811 839 2872 pro
869 2808 964 2853 arara
994 2791 1137 2856 exeuntis
1167 2791 1285 2855 formae
1315 2809 1378 2853 non
1406 2791 1455 2852 in·

229 2897 398 2961 veniuntur
420 2895 481 2959 nisi
503 2896 536 2958 iu
559 2914 688 2959 earmm.
712 2896 748 2958 ut
769 2892 931 2956 Macetum
952 2897 981 2972 2,
1005 2897 1076 2960 469.
1100 2897 1128 2972 5,
1161 2893 1239 2970 428;
1271 2891 1457 2971 Scipiadam

231 3001 259 3078 7,
283 3001 360 3074 555;
394 2995 600 3059 Tantalidum
623 3001 652 3074 2,
683 2999 764 3060 312:
798 2997 835 3061 de
867 2999 980 3080 quibus
1011 2999 1080 3062 vide
1103 2997 1192 3061 Neue
1215 2998 1231 3060 Ι
1256 2997 1377 3060 19-21
1404 2996 1458 3077 qui

230 3102 405 3184 complures
424 3101 557 3166 aliorum
573 3103 736 3183 poetarum
759 3102 844 3164 locos
861 3102 974 3183 quibus
998 3100 1126 3166 eaedem
1141 3101 1190 3163 vel
1206 3100 1323 3163 similes
1339 3099 1458 3160 formae

232 3208 341 3269 extant
362 3203 512 3268 laudavit.

315 3307 537 3371 Nominum
573 3325 815 3389 graecorum
854 3327 939 3388 gen.
979 3307 1065 3371 fem.
1105 3305 1377 3370 accusativus
1416 3302 1457 3364 in

230 3430 283 3472 era
305 3411 450 3475 desinens
482 3411 570 3474 cuius
599 3398 774 3492 compluria
800 3411 940 3494 exempla
969 3411 1051 3492 apud
1079 3409 1233 3473 Beretum
1255 3408 1459 3471 inveniuntur

317 3631 338 3697 1)
361 3629 540 3682 Moriaraeata
573 3629 739 3682 Gerraareiae
773 3629 916 3682 Historiae
949 3632 1009 3683 cett.
1038 3631 1177 3684 auctorum
1208 3626 1458 3696 antiquissimorum

230 3718 317 3770 tomus
336 3715 409 3769 VIH.

316 3801 338 3869 2)
356 3818 443 3870 nequo
471 3800 544 3853 enim
567 3801 718 3855 Theodorus
744 3802 892 3856 Mommsen
920 3821 1007 3873 neque
1033 3804 1186 3858 Fridoricus
1212 3803 1266 3856 Leo
1294 3818 1359 3870 quos
1386 3803 1458 3856 viros

230 3887 428 3942 illustrissimos
445 3886 532 3940 literis
550 3887 667 3941 adiimus
685 3888 805 3942 animum
823 3889 988 3942 induxerunt
1009 3893 1039 3943 ut
1056 3892 1115 3944 eius
1133 3890 1259 3943 editionis
1278 3891 1367 3956 partes
1385 3889 1458 3956 typis

231 3974 285 4028 iam
304 3989 444 4043 expressas
463 3974 496 4027 ad
514 3976 620 4042 tempus
638 3974 771 4041 quoddam
788 3975 866 4028 nobis
884 3976 1030 4029 crederent.

317 4061 339 4122 3)
357 4059 441 4114 Paris.
462 4063 527 4113 1652
546 4060 598 4127 (ed.
617 4059 717 4126 altera).

316 4146 340 4214 4)
358 4146 567 4216 numeriquique
573 4146 792 4215 prioresRomani
802 4146 884 4201 libros
894 4147 1077 4216 epistularum,
1084 4146 1192 4201 Arabici
1200 4148 1319 4202 carmina
1329 4147 1458 4200 indicant.

317 4234 340 4298 ⁵)
358 4231 437 4286 lexic.
456 4232 576 4300 amplior.
596 4234 635 4286 ed.
656 4233 715 4287 VII.

317 4319 338 4385 ὃ)
356 4318 544 4371 Formenlehre
561 4319 608 4372 der
626 4319 717 4372 lateiri.
738 4319 864 4388 Spraclre,
884 4318 924 4371 ed.
944 4317 979 4386 ΙΙ,
997 4317 1117 4372 Berolini
1138 4322 1210 4374 1877.
