3090 4898
745 239 852 301 63-

155 427 239 494 VIII
261 431 366 507 6,15:
393 425 430 489 de
449 425 551 505 capite
570 422 691 506 captivo
713 424 814 504 mapis
832 422 955 506 eripere
977 405 1131 486 tormenta
1153 443 1248 504 qnam
1265 426 1381 504 pretia.

156 535 269 599 exire
293 534 342 608 11,
370 531 403 592 6:
434 528 628 594 enit...de
658 527 859 607 nepesinus.
904 525 1280 610 experiremur:
1312 547 1383 591 con·
1512 562 1516 567 -

156 634 307 698 salentem
329 634 367 697 de
388 631 536 712 scrupulo
558 632 707 695 incursae
723 629 943 712 ambipnitotis
963 629 1123 710 expedias.
1162 633 1382 697 extrahere

157 737 238 803 VIII
263 740 311 818 11,
335 740 388 803 12:
418 734 562 799 criminis
582 733 746 797 acritatem
774 733 812 796 dc
828 733 1009 813 pectoribus
1030 733 1140 797 invitis
1161 737 1385 800 tormentorum

157 845 261 905 terror
282 839 434 903 extraxit.

243 942 277 1027 b)
302 964 374 1009 eum
397 944 500 1008 verbis
523 943 616 1008 aliter
638 942 833 1024 compositis:
1284 1026 1287 1031 -

246 1047 459 1112 affectare
495 1046 538 1111 IX
572 1048 601 1122 9,
633 1047 688 1109 14:
734 1043 771 1107 de
805 1043 937 1108 oestinm
976 1043 1161 1108 discretione
1196 1046 1385 1125 snperbiam.

159 1170 367 1217 assumere
390 1147 455 1213 VH
478 1152 506 1226 9,
530 1149 584 1214 14:
613 1147 855 1211 :reassumere
884 1147 1159 1228 metropolitanum
1180 1149 1218 1212 de
1239 1148 1387 1234 rellylosa

160 1252 404 1335 eonprcyatione.
439 1254 489 1334 16,
505 1254 560 1316 18:
583 1251 786 1330 adsumptum
796 1250 939 1330 pecorosi
953 1250 989 1313 de
1005 1270 1096 1333 prepe
1109 1251 1200 1315 desse
1276 1272 1387 1333 repom.

161 1359 272 1423 coire
305 1359 355 1434 11,
378 1359 413 1421 8:
446 1355 491 1418 sic
520 1357 681 1434 tamquam
719 1357 780 1418 toto
807 1357 891 1417 coeat
927 1354 965 1416 de
994 1353 1114 1419 lumine
1140 1353 1220 1417 caeli
1247 1355 1389 1425 Artatur

162 1458 287 1524 collecta
316 1458 391 1522 dies.
445 1460 650 1542 complere
682 1458 730 1536 16,
753 1460 810 1523 64:
848 1475 994 1536 cupresso
1024 1455 1178 1536 complens
1205 1446 1243 1520 de
1277 1457 1391 1522 cellere

161 1561 288 1642 peloem.
333 1563 546 1628 eonfieere
569 1559 616 1626 IX
638 1564 668 1637 9,
692 1562 749 1625 15;
786 1559 957 1623 remedium
1043 1563 1074 1622 et
1095 1559 1132 1624 de
1154 1564 1296 1639 serpente
1319 1579 1389 1625 con-
1416 1554 1418 1558 '

163 1665 286 1746 deinnt.
332 1683 593 1748 congregare
622 1663 670 1728 IX
692 1664 721 1741 8,
743 1667 778 1727 2:
817 1662 1052 1746 spoponderunt
1072 1661 1157 1742 tilios
1182 1662 1247 1727 Dei
1273 1663 1311 1729 de
1332 1683 1391 1728 na-

164 1769 303 1833 tionibus
324 1768 562 1850 conprepandos.
608 1769 851 1833 coniectare
874 1767 919 1830 IX
943 1769 992 1845 14,
1015 1769 1048 1830 3:
1078 1765 1293 1830 decretionis
1318 1771 1392 1831 tuae

164 1870 331 1952 qualitate
347 1871 488 1936 coniecto.
532 1872 757 1955 procedere
779 1869 845 1934 VH
867 1872 897 1948 4,
928 1874 960 1934 2:
991 1869 1028 1932 de
1057 1871 1230 1952 temperata
1247 1889 1392 1934 commu-

164 1974 268 2038 nione.
302 1976 520 2059 proficisci
541 1972 559 2037 I
575 1977 604 2052 5,
621 1977 659 2039 1:
681 1971 894 2037 huiuscemodi
908 1971 1049 2035 studium
1063 1971 1101 2035 de
1115 1972 1231 2052 affectu
1241 1971 1393 2036 interiore

160 2077 388 2159 proficiscitur.
432 2079 626 2162 progredi
654 2076 759 2156 Vll,
792 2079 847 2142 1οε
879 2075 916 2138 de
944 2074 1123 2155 receptorio.
1171 2078 1393 2160 propinare

167 2179 216 2245 VI
240 2184 267 2260 1,
291 2183 328 2245 4:
357 2180 395 2242 de
416 2179 564 2260 apotheca
586 2179 761 2243 altissimae
788 2177 964 2242 dilectionis
990 2176 1156 2241 sectandae
1177 2177 1266 2242 nobis
1293 2177 1393 2242 leumi-

125 2274 130 2281 ’
168 2283 271 2346 litatis
304 2283 481 2364 propinare
513 2303 703 2346 mensnram.
759 2301 1020 2367 prorumpere
1048 2278 1078 2346 V
1105 2284 1138 2360 5,
1162 2285 1199 2346 2:
1232 2283 1325 2362 quasi
1358 2282 1395 2345 de

167 2385 320 2470 †lrar'dao
349 2390 450 2449 uetere
480 2405 579 2449 novus
600 2385 682 2466 falco
710 2403 913 2465 prorumpas.
958 2386 1178 2468 provenire
1201 2383 1285 2449 VIII
1307 2388 1336 2468 2,
1359 2390 1394 2451 3:

169 2489 207 2552 de
229 2493 286 2552 tua
313 2488 397 2552 sclol
511 2487 660 2552 lectorum
688 2488 782 2551 turba
806 2486 980 2567 proveniet.
1025 2506 1067 2552 se
1094 2488 1395 2571 recolligereV

172 2592 221 2670 17,
246 2594 281 2657 l:
304 2592 342 2655 de
363 2592 492 2654 ruinoso
513 2590 610 2669 fleam
656 2591 798 2656 redire
822 2593 851 2669 5,
874 2591 956 2655 424:
986 2589 1023 2652 de
1039 2587 1154 2671 pelapo
1184 2590 1229 2654 ad
1249 2591 1395 2673 opedam.

170 2695 322 2760 referre
344 2694 426 2760 VIII
454 2695 503 2773 lo,
534 2697 586 2759 3:
610 2692 648 2756 de
680 2697 826 2775 suppletu
854 2692 933 2772 plns
956 2691 1084 2774 planiae.
1134 2694 1180 2758 IX
1204 2696 1253 2772 14,
1283 2694 1320 2760 9:
1360 2695 1397 2758 de

171 2795 336 2879 palaestro
352 2796 474 2877 publici
495 2790 653 2860 eaaminis
670 2796 791 2876 referre
809 2795 976 2876 suffrapia.
1011 2815 1202 2861 reversus
1223 2795 1280 2876 IX,
1298 2798 1397 2875 10,1:

171 2919 275 2981 nuper
305 2900 343 2964 dc
373 2900 564 2964 Biterrensi.
614 2901 844 2966 summoveri
876 2898 975 2973 VlV,
1001 2899 1037 2962 7:
1067 2898 1105 2961 de
1130 2896 1201 2962 loco.
1252 2903 1398 2966 trane-

173 3005 189 3068 f
194 3018 283 3069 erre
306 3005 367 3068 VII
390 3006 418 3080 9,
443 3005 496 3068 14:
529 3003 574 3066 ad
601 3002 782 3066 clericatum
808 3001 845 3064 de
879 2999 1037 3064 saeculari
1067 3001 1261 3084 professione
1293 3006 1399 3065 trans-

174 3104 268 3169 latus.
312 3105 362 3169 IX
386 3109 415 3184 3,
439 3110 472 3171 4:
496 3125 629 3186 precum
650 3125 732 3186 quas
752 3106 790 3168 de
812 3104 979 3184 palaestra
1001 3104 1248 3186 conprepationis
1269 3103 1399 3168 deremi-

175 3208 252 3271 tidis
273 3212 302 3271 et
324 3209 362 3272 de
383 3211 497 3271 senatu
519 3209 739 3272 Lirinensium
761 3206 987 3271 cellulanorum
1008 3207 1044 3271 in
1065 3208 1173 3271 urbem
1195 3208 1400 3273 transtulisti.

175 3313 457 3395 transfugium
480 3312 621 3378 fecere
642 3309 725 3376 VIII
742 3313 791 3390 13,
807 3315 845 3376 3:
868 3311 912 3374 ad
928 3309 1090 3375 Christum
1106 3311 1143 3374 de
1159 3310 1401 3378 circumcisione.

176 3417 365 3481 transire
388 3419 438 3494 22,
462 3419 516 3481 28:
543 3414 675 3479 transiit
697 3413 772 3477 olim
793 3413 835 3477 In
851 3413 1000 3493 patrium
1021 3413 1059 3476 de
1080 3417 1181 3477 matre
1201 3413 1316 3494 femur.

263 3519 295 3601 c)
318 3540 392 3585 eum
412 3521 515 3586 verbis
538 3519 747 3602 simplicibus:

258 3623 397 3688 erdere
417 3624 558 3700 15,131:
580 3618 886 3702 ardebatpraotdnm
897 3620 934 3683 de
943 3618 1103 3701 trapmine
1112 3618 1261 3699 fulminis
1275 3624 1404 3686 ostrum.

179 3745 311 3810 sapere
335 3727 385 3802 15,
409 3728 445 3790 5:
483 3728 579 3804 caput
607 3723 712 3787 nmine
740 3742 884 3786 serenum
906 3721 958 3786 De
984 3726 1103 3786 terrore
1130 3723 1223 3803 capit.
1268 3726 1351 3790 diei
1374 3728 1403 3803 5,

179 3829 259 3894 376:
288 3848 409 3909 perque
433 3826 517 3892 Cani
545 3827 703 3908 quondam
729 3827 826 3890 dictos
855 3825 892 3888 de
922 3825 1048 3889 nomine
1077 3845 1208 3907 compos.
1253 3828 1404 3893 ducere

179 3931 228 3996 VI
250 3934 279 4009 6,
304 3934 340 3996 1:
377 3950 416 3993 nc
436 3933 536 3994 nester
556 3930 689 4009 affectus
709 3929 872 4009 quandam
893 3928 1017 3992 duceret
1044 3933 1082 3992 nt
1101 3928 1230 4011 pladins
1251 3929 1406 4010 inpolitus

180 4034 218 4097 de
239 4053 333 4097 curae
355 4034 492 4097 raritate
513 4033 691 4114 robipincm.
737 4053 828 4098 esee
852 4034 901 4110 11,
928 4035 984 4099 17:
1007 4031 1057 4095 lric
1079 4031 1164 4112 lapis
1185 4037 1231 4096 est
1253 4033 1290 4096 de
1312 4033 1405 4114 qnin-

180 4158 240 4218 666
255 4135 366 4218 locis.¹)
399 4141 450 4214 23,
468 4140 547 4202 104:
570 4141 599 4200 et
615 4140 650 4200 tn
665 4136 729 4217 qui,
743 4135 929 4212 Periandro,
945 4136 983 4200 de
994 4135 1142 4200 Oorintlio
1154 4157 1193 4200 es.
1229 4138 1350 4204 fetere
1364 4175 1404 4185 —

269 4362 292 4430 ¹)
310 4372 462 4430 quanquam
479 4357 600 4412 Luetioh.
620 4359 698 4413 aliter
715 4359 892 4428 interpunin
