3090 4898
747 230 789 294 95

149 434 249 496 poree
268 433 438 494 prooooore
460 416 663 497 (11661761.
687 415 798 481 Catuli.
815 416 907 497 Verg.
925 418 1027 498 Apul,
1050 417 1115 480 Liv.
1135 416 1262 500 semel);
1301 419 1386 503 simi-

155 520 226 583 liter
249 539 345 584 aare
367 516 449 583 VHI
472 519 510 582 11
536 538 562 583 6.
582 521 616 582 7;
646 535 745 580 soooos
771 517 857 597 ferre
886 535 959 580 6666
990 516 1125 603 (poeti).
1179 540 1299 602 paveo
1323 521 1386 587 VH

156 623 185 699 4,
210 624 245 685 1:
273 621 442 683 iusiuuare
467 639 498 702 p.
523 618 593 703 (Ov.
617 621 689 685 Tae.
712 622 787 686 Rut.
810 619 925 703 Nam).
976 623 1208 706 permissum
1240 628 1298 688 est
1325 625 1385 690 VII

156 727 185 799 6,
208 726 250 788 4:
293 742 348 786 666
376 723 463 787 uobis
490 722 707 802 peecatoribus
735 721 786 785 lio
813 741 963 786 ooousare
992 742 1049 786 666
1076 725 1160 788 uobis
1188 727 1308 789 sauotis
1336 724 1387 790 tu'o

155 825 309 889 discutere
336 825 524 907 permissum
558 828 603 887 est
636 823 779 907 (Quinto.
830 830 918 910 peto
947 825 995 890 IX
1025 829 1054 905 3,
1077 829 1113 891 3:
1150 826 1266 890 soluere
1297 830 1386 894 modo

156 927 280 992 litteras
304 927 419 1009 paullo
451 927 614 1010 politiores
649 931 707 990 aut
736 927 949 1008 iutempestioe
976 932 1070 1008 petor
1103 933 1161 992 aut
1195 930 1386 1010 iupurleuter

154 1032 328 1112 appretior.
367 1033 416 1109 17,
433 1034 470 1096 4:
493 1031 632 1094 adveutu
653 1029 736 1110 felia
750 1030 806 1110 qui
821 1031 905 1109 petit
923 1049 988 1093 6336
1006 1034 1059 1093 166
1077 1031 1186 1115 (poeti.
1202 1034 1256 1098 afr.
1272 1036 1385 1118 arieg,

155 1134 189 1198 Π
212 1133 298 1218 307).
338 1137 559 1219 praeeligo
584 1136 642 1198 VII
658 1135 688 1210 4,
705 1137 741 1198 3:
765 1153 817 1215 666
839 1125 944 1196 tamem
966 1153 1088 1196 morum
1101 1133 1193 1197 illius
1210 1135 1386 1200 aemulator

157 1257 220 1300 esse
237 1236 474 1318 praeeleperim.
512 1239 589 1302 VIII
607 1240 655 1314 13,
679 1239 717 1301 3:
740 1237 796 1317 qui
880 1235 943 1315 lide
958 1240 1064 1300 tameu
1082 1237 1253 1319 praeelepit
1267 1240 1387 1303 oeuseri

157 1339 309 1403 Israelita
333 1341 457 1422 (Claud.
481 1343 577 1406 Mam.
601 1338 646 1404 ed.
671 1341 815 1422 Engelbr.
841 1341 911 1417 138,
937 1342 967 1403 l:
998 1359 1050 1421 epo
1071 1339 1296 1422 praeeleperim
1317 1361 1387 1405 eum

156 1440 314 1506 1766166616
336 1442 466 1525 reioi).¹)
501 1463 717 1527 praesumo
742 1441 797 1524 (=
820 1443 965 1526 suscipio,
995 1442 1109 1524 audeo)
1133 1444 1181 1507 III
1204 1446 1232 1521 3,
1256 1448 1291 1510 9:
1322 1465 1387 1508 666

158 1565 196 1608 666
211 1565 282 1607 asse
296 1544 462 1608 historiam
474 1549 587 1620 texere,
610 1544 665 1606 seri
676 1565 735 1627 pro
748 1547 841 1627 parte
859 1544 1041 1607 memoriam
1054 1545 1160 1625 faeere
1177 1549 1385 1628 praesumpsi.

160 1649 231 1724 V3,
257 1652 290 1712 3:
314 1652 388 1710 aute
404 1665 615 1728 praesumeres
636 1647 750 1710 bouum
767 1647 958 1727 praedicare
979 1667 1074 1727 auam
1095 1648 1208 1728 faeere.
1242 1648 1288 1714 VI
1305 1653 1333 1730 3,
1349 1655 1385 1716 2:

157 1749 241 1812 luuo
263 1751 475 1814 oommemlare
502 1770 678 1832 praesumo.
724 1751 769 1815 VI
792 1754 821 1828 9,
846 1756 881 1815 2:
912 1770 1011 1831 ueque
1039 1751 1123 1814 euim
1149 1752 1385 1832 quisquam

151 1852 230 1933 plus
263 1853 368 1933 faeere
405 1853 628 1933 praesumpsit.
679 1847 741 1919 VII
773 1856 801 1932 7,
830 1856 867 1919 2:
906 1872 996 1935 quem
1033 1853 1204 1917 oouuiotum
1242 1855 1387 1936 deiuaeps

158 1954 335 2034 respublica
357 1957 412 2019 riu
432 1956 646 2038 praesumpsit
660 1955 804 2020 occidere.
840 1957 915 2023 VIII
933 1959 981 2034 ll,
1003 1960 1053 2022 13:
1077 1956 1208 2037 quisque
1220 1977 1386 2036 praesum-

151 2059 257 2139 pserit
279 2058 450 2121 iuterrliatu
466 2107 472 2120 .
487 2107 511 2123 ..
528 2059 652 2123 rimari.
692 2059 738 2123 IX
761 2061 790 2137 4,
808 2061 842 2123 l:
863 2059 1097 2141 praesumimus
1119 2061 1303 2140 computari.
1338 2061 1386 2124 IX

160 2162 209 2240 11,
235 2165 271 2227 l:
295 2182 387 2244 apere
403 2181 610 2240 praesumam
633 2161 737 2244 (ouius
759 2166 938 2228 structurae
956 2183 1055 2227 unum
1078 2166 1255 2246 exemplum
1279 2165 1388 2230 attulit

159 2266 270 2348 Georg.
294 2266 375 2330 Sext.
398 2266 469 2330 Rus.
492 2268 575 2331 brev.
600 2268 627 2344 7,
650 2267 762 2347 Draeg.
785 2264 933 2346 nullum).
971 2268 1196 2349 praevaleo
1220 2266 1274 2346 (ε
1289 2268 1387 2345 valeo,

158 2368 299 2452 possum)
323 2366 387 2431 VH
410 2367 460 2445 14,
484 2369 521 2432 2:
554 2367 632 2447 quia
655 2365 868 2447 praeualeaut
900 2365 1091 2447 (eloqueutes
1116 2366 1227 2449 amioi)
1258 2368 1388 2450 iupeuia

158 2489 218 2532 suo
307 2470 351 2533 aol
378 2473 567 2533 remotarum
595 2469 752 2533 desideria
777 2468 1015 2548 prooiuoiorum
1045 2467 1116 2531 stilo
1138 2469 1388 2534 adminiculamo

156 2573 327 2655 porripere.
373 2571 472 2655 (Hier.
494 2575 527 2637 in
553 2571 595 2638 Is.
619 2573 754 2647 V1123,
780 2571 842 2635 10:
872 2574 1038 2653 postquam
1058 2591 1174 2634 666663
1196 2592 1302 2635 eorum
1324 2593 1389 2637 666

156 2674 339 2756 praevaluit
367 2673 519 2754 felicitate
547 2673 644 2738 laius
672 2672 791 2737 saeculi
818 2673 956 2755 perfrui.
1000 2676 1042 2740 id.
1065 2677 1096 2739 In
1119 2675 1160 2741 Is.
1184 2674 1233 2737 IX
1255 2679 1305 2754 28,
1331 2678 1387 2741 16:

157 2776 293 2858 pallium
316 2776 404 2840 breue
426 2777 578 2839 maritum
600 2781 629 2840 et
651 2776 806 2840 moeolrum
827 2776 982 2858 cooperire
996 2797 1061 2839 666
1076 2777 1250 2857 praevalet.
1282 2779 1387 2844 Rufio.

160 2880 241 2963 Orig.
266 2906 299 2945 u.
319 2883 429 2964 ἀρχῶν
454 2879 484 2942 II
508 2882 537 2958 3,
561 2883 594 2944 3:
625 2900 706 2960 quae
728 2897 784 2941 666
804 2898 825 2940 6
847 2881 945 2940 morte
967 2878 1051 2940 oiuoi
1073 2897 1128 2940 666
1149 2879 1256 2943 aouleo
1277 2881 1388 2943 mortis

159 2984 323 3066 oompuupi
343 2983 558 3066 praevaleam.
602 2983 757 3049 Gaudent.
781 2988 819 3047 16.
844 2981 897 3045 11;
920 2999 985 3042 666
1004 2980 1167 3062 praevalet
1189 2979 1387 3045 oalumuiau-

159 3088 241 3151 tibus
270 3086 350 3166 faeti
379 3090 545 3170 proestare
574 3085 736 3149 ratiouem.
781 3084 919 3149 Cassiod.
944 3084 975 3148 in
1004 3103 1050 3166 ps.
1073 3085 1130 3147 53:
1160 3082 1326 3166 deprecare
1348 3104 1388 3147 66

160 3211 228 3253 eum
257 3189 380 3252 iuimioi
409 3188 576 3268 fortissimi
605 3207 740 3270 pravare
763 3184 983 3265 praeualeaut.
1037 3187 1069 3250 in
1099 3206 1144 3270 ps.
1167 3188 1204 3249 6:
1233 3191 1388 3267 quamtum

158 3297 296 3356 meretur
318 3291 412 3367 luere,
443 3311 507 3354 666
532 3288 695 3372 praevalet
716 3288 882 3352 sustiuere.
928 3290 958 3352 in
983 3309 1030 3372 ps.
1055 3288 1086 3352 1:
1121 3287 1190 3350 siue
1212 3309 1277 3369 qua
1299 3289 1388 3372 (uui-

160 3397 240 3478 tate)
263 3394 447 3474 supputatio
469 3412 525 3455 666
547 3391 695 3455 iuolroure
719 3390 887 3471 quiequam
903 3388 1072 3469 praevalet
1093 3409 1149 3454 666
1168 3391 1310 3469 prodere.
1355 3394 1388 3456 in

160 3521 205 3583 ps.
223 3501 251 3576 2,
270 3500 303 3562 76
326 3496 405 3577 quial
425 3496 467 3558 sit
482 3493 546 3558 Dei
568 3494 747 3558 substautio
768 3490 955 3555 uulluteuus
971 3491 1138 3571 praevalet
1162 3492 1388 3573 comprehendi.

158 3604 199 3665 id.
223 3604 260 3664 de
285 3602 378 3664 anim.
402 3599 497 3682 praef.
520 3617 575 3660 666
604 3596 692 3678 loupe
719 3594 822 3658 teudit
843 3593 986 3675 (auium)
1008 3599 1046 3657 ut
1072 3614 1104 3658 se
1125 3595 1268 3659 iuoeuire
1292 3606 1388 3676 'prae-

159 3702 272 3765 ualeat.
314 3722 375 3767 var.
398 3699 506 3778 1139,
529 3700 579 3765 40.
618 3699 739 3764 11153.
778 3695 826 3761 IV
849 3695 901 3760 43.
944 3698 1017 3763 hist.
1040 3700 1110 3782 trip.
1133 3697 1215 3763 VIII
1238 3699 1293 3764 15:
1325 3719 1389 3764 666

160 3806 312 3868 euisteute
342 3802 398 3884 qui
424 3802 469 3865 eis
495 3802 640 3864 resistere
661 3801 789 3881 fortiter
813 3799 1024 3880 praevaleret.
1069 3804 1111 3868 ib.
1134 3802 1234 3867 1117.
1271 3805 1316 3868 VI
1338 3805 1388 3868 33.

248 3989 270 4055 ¹)
288 3990 424 4057 praeterea
441 3987 492 4041 hoo
509 3987 622 4040 verbum
640 3986 684 4040 oui
702 4002 743 4054 ap.
763 3987 810 4056 Gg.
828 4003 900 4042 unus
917 3986 992 4042 loeus
1014 3986 1070 4042 sid.
1088 3987 1141 4043 VH
1159 3993 1174 4041 4
1193 3989 1331 4057 adpositus
1348 3991 1389 4042 est

160 4075 259 4144 legitur
281 4090 324 4142 ap.
343 4073 507 4142 Cyprianum
531 4072 581 4141 (ed.
599 4071 674 4126 Hart.
694 4075 752 4140 577,
776 4078 803 4127 1;
822 4089 958 4126 eameram
980 4073 1034 4140 firle
1054 4077 1079 4126 et
1095 4073 1195 4126 uirtute
1208 4074 1387 4142 praelepitis),

160 4177 202 4229 ap.
222 4160 307 4213 Hilar.
326 4165 379 4228 (ep.
398 4160 432 4213 ad
455 4158 538 4211 Galat.
558 4159 612 4226 70),
634 4157 761 4225 Cassiod,
783 4157 866 4226 Boot,
890 4158 999 4212 HIoron.
1023 4158 1057 4226 (l)
1079 4158 1109 4211 in
1126 4158 1220 4226 psalm.
1240 4163 1286 4212 92:
1306 4176 1388 4227 proe-

160 4246 265 4315 elepisti
281 4263 328 4299 eos
347 4245 481 4313 (orituros)
499 4249 563 4296 aute
580 4242 801 4296 corstitutionum
819 4243 925 4307 muudi,
945 4244 1060 4311 denique
1072 4243 1132 4297 Ital.
1151 4243 1246 4311 psalm.
1265 4246 1322 4312 131,
1344 4247 1388 4296 14:

162 4332 295 4398 quouiam
310 4329 446 4398 proeelepi
463 4325 650 4399 (ᾐρετισάμην)
667 4346 729 4383 eam
747 4329 794 4383 afr.
812 4327 936 4398 Engelbr.
953 4328 972 4382 I.
991 4327 1008 4381 l.
1026 4345 1051 4397 p.
1071 4332 1129 4383 471.
