3090 4898
747 230 791 295 52

154 430 218 483 esse
239 417 352 481 trabere
370 421 489 482 vertere
512 423 549 484 ut
572 416 647 480 citio
669 422 796 496 uertere,
819 416 1037 497 impedimento
1059 420 1109 483 vel
1125 416 1381 498 praeponerem

153 521 227 604 (Vll
249 523 278 600 8,
301 521 335 606 2)
359 540 431 597 esse,
463 521 557 597 cordi,
588 540 693 597 carae,
721 520 819 596 oneri,
849 521 925 584 nsni
947 525 1021 587 cett.
1046 540 1129 596 esse3
1160 524 1245 600 112,
1271 523 1307 587 7:
1336 542 1382 588 eos

154 622 294 706 (cerens)
312 643 368 686 nec
390 623 535 706 reiepisse
557 623 711 687 desiderio
732 626 779 686 est
799 642 856 686 neo
871 622 1043 705 periepisse
1058 623 1201 703 fastidio.
1236 627 1283 691 Vl
1306 628 1334 704 1,
1350 630 1381 691 4:

153 726 211 790 tibi
228 726 386 790 avaritiae
408 747 473 790 non
494 726 569 807 fnit.
615 727 675 791 Vll
693 730 720 804 1,
736 730 772 791 6:
795 745 859 789 esse
881 725 1121 790 obsecrationem
1143 731 1281 791 nestram
1295 728 1383 792 notris

154 829 265 904 solati,
304 830 413 892 ceteris
442 829 631 905 imitationi,
660 829 804 910 atrisqne
827 828 1002 908 praesidio.
1046 830 1091 893 IV
1114 833 1165 910 22,
1196 833 1235 896 4:
1273 831 1384 913 qnibns

154 932 264 1014 reiipio
284 932 481 1012 professioni
502 935 556 1007 est,
587 930 752 994 tramititus
773 931 940 1014 appetitni,
970 931 1169 996 mediocritas
1190 933 1384 1010 obscuritati,

153 1033 207 1098 ΙΠ
229 1037 257 1112 4,
283 1037 318 1099 1;
347 1035 513 1117 despectni,
544 1035 613 1112 15,
638 1037 672 1099 7:
695 1033 822 1110 dioisni,
855 1032 908 1097 HI
931 1034 980 1113 14,
1005 1038 1041 1098 2:
1069 1035 1192 1114 spretni
1214 1055 1281 1099 esse
1303 1041 1385 1116 cett,

154 1138 198 1201 lV
224 1140 272 1215 14,
297 1139 330 1202 3:
363 1138 391 1200 si
417 1137 542 1200 cicietnr
567 1135 732 1199 inmititas
761 1140 888 1199 nostroe
905 1136 1116 1217 professionis
1146 1137 1292 1202 trahenda
1315 1158 1384 1202 con·

155 1241 295 1319 tempta-i.
340 1239 423 1306 VIII
447 1243 497 1317 15,
521 1244 554 1305 1:
585 1240 636 1303 cni
658 1240 753 1303 etiam
774 1239 858 1302 itini
876 1239 997 1322 ptoriae
1019 1240 1117 1303 ototnr
1147 1245 1220 1306 cett.
1250 1263 1386 1325 quorum

154 1346 321 1409 verborum
370 1346 434 1411 dat.
478 1346 607 1410 finalem
650 1345 827 1425 regentium
872 1362 1021 1409 numerus
1071 1364 1121 1427 ap.
1166 1348 1242 1410 vett.
1289 1349 1387 1412 arctis

155 1449 344 1529 quibusdem
393 1449 510 1513 finibus
559 1449 817 1529 circumscriptus
874 1467 922 1530 ap.
973 1449 1168 1512 senescentis
1216 1450 1387 1515 latinitatis

158 1552 329 1633 scriptores
351 1571 415 1615 non
436 1552 634 1616 mediocriter
649 1553 698 1614 est
716 1553 828 1614 auctus
845 1549 912 1632 (cfr.
928 1551 1041 1631 Draeg.
1059 1548 1151 1614 1437
1174 1552 1267 1636 sqq).
1291 1557 1388 1636 atque

158 1673 194 1717 ex
211 1652 274 1717 Sid.
287 1674 372 1718 voco.
387 1654 582 1737 supellectile
606 1655 684 1717 haee
701 1654 836 1717 maxime
857 1654 999 1736 exempla
1020 1652 1177 1719 afferenda
1192 1657 1387 1722 censuimus.

156 1756 202 1820 IX
226 1759 274 1834 12,
302 1758 337 1820 l:
368 1756 513 1836 primam
543 1754 582 1819 ab
611 1754 741 1818 cocordio
768 1753 933 1836 reiipiosae
961 1754 1170 1835 professionis
1192 1754 1268 1819 ionic
1291 1757 1389 1837 prin

156 1857 302 1937 cipai'ter
335 1858 482 1922 erereitio
513 1857 710 1932 rennntiaoi,
752 1860 829 1938 qnia
861 1857 1013 1920 nimirnm
1048 1857 1252 1936 facilitati
1279 1864 1390 1940 posset

156 1961 430 2025 accommodari
453 1961 510 2042 (=
526 1960 648 2023 lenitati
669 1959 765 2042 oerti)
789 1960 817 2021 si
838 1979 886 2022 me
907 1963 1084 2040 oocnpasset
1106 1959 1216 2024 tenitas
1238 1983 1392 2027 oersnnm

155 2083 245 2144 qnem
267 2064 419 2147 respicere
441 2066 582 2146 coeperat
602 2063 745 2145 pr'aoitas
766 2063 933 2125 actionnm.
973 2061 1035 2142 I5,
1052 2067 1088 2128 δι
1106 2065 1284 2144 praecipne
1305 2067 1392 2147 qnod

157 2166 246 2228 esni
268 2186 345 2230 com
348 2171 514 2246 peteret
536 2165 743 2246 deferebotnr.
785 2166 843 2230 VII
860 2168 909 2244 17,
925 2169 959 2230 2:
983 2166 1066 2245 qnooi
1085 2165 1269 2246 fnnerondo
1284 2187 1391 2232 socer-

157 2268 223 2331 ototi
245 2272 482 2349 competeret
503 2267 695 2348 impertiens,
741 2269 915 2346 VlH3,5:
951 2286 1019 2330 cnm
1039 2269 1169 2351 proprio
1190 2269 1276 2333 nitiit
1298 2272 1392 2334 esni

157 2374 229 2433 ant
258 2372 425 2435 indntni
451 2372 489 2435 de
515 2371 632 2454 peonio
658 2370 822 2451 conferret.
867 2373 947 2446 V5,
971 2374 1009 2435 3:
1043 2372 1212 2454 nepotiis
1243 2373 1392 2437 mntnis

156 2474 314 2538 arbitram
329 2480 358 2538 te
373 2467 668 2557 disceptatoremqne
679 2474 721 2536 de
730 2473 829 2536 snmi
838 2476 858 2535 t.
896 2475 970 2551 119,
985 2477 1017 2538 7:
1041 2494 1101 2555 qno
1115 2473 1247 2554 facilins
1259 2479 1392 2558 pectora

157 2578 300 2641 marcida
328 2578 403 2641 cibis
434 2577 611 2640 cenatoriae
646 2576 727 2656 fami
758 2594 1064 2639 exacneremns.
1109 2575 1162 2640 ΙΠ
1185 2578 1215 2655 3,
1238 2580 1274 2643 4:
1306 2598 1392 2659 qnae

159 2680 241 2742 acies
263 2700 331 2743 enm
351 2680 445 2762 prins
467 2677 674 2761 applicata
696 2682 774 2741 esset
796 2678 1079 2761 oppnpnationi
1100 2699 1165 2742 non
1187 2683 1233 2742 est
1255 2680 1390 2763 eapti-

159 2787 243 2845 cata
265 2783 451 2865 conpressni.
495 2784 542 2847 IX
566 2783 614 2860 14,
638 2783 672 2847 9:
695 2800 759 2844 non
780 2781 887 2844 minas
909 2780 1027 2844 tancti
1048 2782 1221 2863 feretnr.
1266 2785 1312 2848 Vl
1338 2784 1390 2862 12,

159 2888 190 2949 9:
222 2885 244 2965 f
246 2885 330 2948 ieri
349 2884 497 2968 periente.
543 2886 603 2950 Vll
626 2889 654 2963 7,
679 2888 711 2949 1:
735 2885 850 2948 terrori
871 2885 953 2965 pieri.
998 2886 1077 2950 VIII
1099 2889 1128 2964 6,
1152 2888 1187 2950 9:
1217 2885 1392 2966 formidini

157 2988 231 3069 fieri
254 2988 338 3072 (opp.
362 2988 526 3051 secnritoti
548 2989 635 3069 esse).
679 2986 732 3051 HI
758 2991 806 3064 lo,
827 2992 859 3052 2:
886 2988 952 3050 nisi
974 2991 1079 3053 tomen
1095 3026 1134 3034 -
1151 2977 1267 3070 preces'
1280 2988 1392 3051 oneri

159 3090 386 3171 fastidiove
408 3091 740 3172 repntainntnr:
762 3095 925 3173 praeterea
947 3092 1090 3156 damno
1115 3093 1143 3167 5,
1160 3091 1214 3155 77:
1237 3087 1391 3154 Scaevoia

159 3230 202 3240 -
231 3193 372 3275 apposito
406 3192 551 3257 deatram
587 3193 794 3256 damnaverat
824 3192 900 3275 ipni.
946 3196 974 3270 5,
998 3195 1061 3257 324
1083 3212 1148 3275 sq.:
1184 3195 1256 3274 post
1287 3192 1391 3273 qaino

167 3295 273 3360 Vitetii
297 3295 396 3359 Milia
417 3296 533 3378 famosi
554 3297 673 3359 centris
694 3296 847 3358 damnata
871 3293 1021 3359 barathro
1037 3294 1144 3379 (Apul.
1160 3295 1248 3378 Sulp.
1265 3295 1392 3361 Ser.-

159 3403 245 3466 Hier.
267 3404 299 3466 in
324 3401 393 3466 Gal.
413 3401 444 3464 II
467 3400 496 3476 3,
519 3402 575 3464 20:
599 3398 760 3480 scriptnra
783 3401 996 3461 commemorat
1017 3397 1100 3478 qnod
1117 3396 1391 3462 condemnave-

160 3503 249 3568 rint
270 3502 382 3566 Jesnm
410 3501 526 3582 mort‘).
574 3503 674 3567 duco
700 3504 749 3578 16,
773 3504 812 3566 87
836 3522 896 3584 sq.:
931 3520 987 3564 neo
1018 3519 1105 3564 secas
1127 3500 1280 3563 intremni
1301 3520 1340 3564 ac
1362 3502 1392 3565 si

159 3627 207 3670 me
239 3606 321 3686 forte
354 3604 506 3668 Rebeccae
541 3603 645 3666 Israel
681 3608 740 3666 ant
771 3603 899 3667 Samaei
935 3604 1071 3666 crinitas
1104 3603 1229 3666 aaron
1260 3603 1391 3669 Annae.
1432 3618 1435 3623 '

160 3712 282 3776 venio
306 3712 335 3785 5,
360 3709 435 3773 102:
458 3710 626 3770 centnrnm
648 3705 768 3769 excidio
790 3704 919 3786 Libpae.
964 3708 1098 3788 denique
1120 3708 1203 3771 vivo
1226 3706 1276 3770 III
1299 3710 1329 3786 3,
1355 3710 1391 3772 4:

160 3813 268 3876 oioens
289 3810 406 3891 paneis
434 3808 598 3892 ootnptati,
630 3808 730 3872 nattis
757 3809 868 3884 amori,
899 3807 1041 3871 omnibns
1067 3809 1160 3871 risni.
1204 3809 1250 3872 VI
1273 3807 1326 3888 12,
1354 3813 1391 3876 l:

85 3987 90 3993 ‚
162 3913 270 3997 (ittam
290 3913 459 3996 praecipne
478 3914 571 3994 pato)
594 3932 650 3975 sno
671 3911 772 3975 oioere
795 3911 872 3973 bono
893 3911 948 3991 qni
970 3911 1047 3973 oioit
1067 3910 1180 3974 alieno.

246 4017 445 4081 Detivum
472 4036 556 4081 cum
580 4015 738 4098 passivo
762 4015 1031 4079 coniunctum
1061 4015 1102 4077 in
1131 4015 1272 4080 activa
1295 4036 1392 4100 per·

162 4138 263 4183 sona
296 4119 550 4200 designanda
580 4139 628 4202 up.
652 4118 739 4182 Caes.
767 4118 901 4182 inveniri
928 4137 1093 4199 nusquam,
1124 4137 1195 4182 raro
1225 4137 1272 4201 ap.
1303 4117 1392 4198 Sall,

162 4242 210 4304 ap.
238 4221 301 4286 Cio.
331 4241 423 4303 saepe
460 4241 518 4286 nec
544 4223 646 4285 rarius
676 4241 724 4303 ap.
747 4221 812 4284 Liv.
835 4222 1084 4302 posterioresque
1122 4214 1291 4303 scriptores
1327 4223 1394 4304 legi

162 4324 276 4406 Draeg.
298 4325 313 4387 I
336 4325 398 4388 429
421 4344 488 4406 sqq.
507 4325 741 4389 demonstravit.
765 4323 855 4387 cuius
878 4343 954 4387 usus
977 4343 1025 4406 ap.
1049 4322 1112 4386 sid.
1138 4341 1262 4406 quoque
1284 4325 1395 4391 multa
