3090 4898
751 219 792 285 79

155 431 346 492 quartanam
367 411 432 474 sint
452 430 599 473 marene
620 410 707 490 s'else
729 410 857 490 ideoque
880 407 1029 487 fallentia
1052 409 1107 495 (so.
1124 415 1329 495 astrologice)
1353 418 1385 479 et
1494 468 1497 475 .

157 516 345 599 saepissime.
385 535 464 598 quae
488 517 648 580 structura
672 517 809 597 exeeptis
832 517 992 580 nonnullis
1015 516 1091 580 loeis
1107 517 1299 595 Horatianis,
1323 540 1385 583 nno

156 619 344 699 Vergiliano,
372 638 434 683 ono
457 615 653 682 Varroniano
677 637 696 681 a
718 621 794 681 vett.
841 619 943 682 aliena
966 637 1013 699 ap.
1037 619 1101 682 Liv.
1126 623 1158 684 et
1180 623 1314 685 maxime
1338 641 1384 706 op.

155 722 227 785 Tae.
259 723 488 786 increbresoere
519 722 629 802 eoepit.
675 721 789 801 quibus
819 725 925 785 autern
955 722 1031 785 loeis
1063 723 1137 786 olim
1167 725 1385 789 ooniunotivus

156 825 260 888 extitit
283 823 503 900 Ciceronianis,
535 824 579 887 eis
610 824 673 887 iam
702 826 847 887 mutatus
878 828 936 889 est.
981 829 1122 889 osterum
1146 826 1238 890 indie.
1262 847 1385 909 quoqne

156 945 204 1008 ep.
229 926 291 991 sio.
315 947 377 992 non
403 946 473 991 raro
496 927 664 991 Invenitur.

243 1032 418 1109 quamvis
442 1048 466 1092 o.
481 1029 574 1092 indie.
592 1028 641 1102 22,
660 1026 738 1090 111ε
761 1029 827 1088 tem
849 1026 961 1112 recipit
983 1026 1107 1091 laticem
1121 1031 1264 1109 emerseris
1279 1032 1385 1096 minor

155 1129 209 1192 ille
231 1130 382 1194 minorem
404 1128 577 1211 Steprmnti
599 1129 636 1191 (le
657 1129 762 1208 fratre
782 1148 875 1190 seem
898 1129 1024 1212 (Draeg.
1049 1133 1080 1195 ΙΙ
1104 1132 1189 1214 769).

242 1231 1058 1317 (1131111131)--111111111111411111
1090 1234 1165 1297 elem
1269 1257 1386 1302 ererum

153 1337 321 1419 prenditer
343 1339 453 1415 reputo
475 1335 629 1417 quatinus
718 1339 887 1398 eenterem.

242 1440 276 1522 b)
298 1467 342 1493 =
362 1442 399 1502 ut
422 1441 469 1504 Ill
493 1442 521 1516 7,
545 1442 585 1502 2:
624 1440 772 1499 memento
794 1436 950 1499 elatorum
974 1456 1089 1499 omnus
1109 1458 1245 1519 pravare
1268 1440 1387 1506 eltertis

156 1546 313 1622 quatenns
343 1542 515 1605 amicorum
548 1560 626 1603 eure
659 1538 823 1606 relevetur.
874 1539 930 1601 Vll
961 1540 989 1615 6,
1024 1540 1077 1603 1οι
1113 1542 1197 1622 epite
1230 1550 1386 1624 quatenns

156 1643 232 1707 liaeo
254 1645 296 1706 sit
318 1644 478 1707 areioitiee
500 1643 664 1706 eoncordia
679 1640 917 1723 prineipeliter.
963 1643 1037 1705 VIII
1064 1644 1113 1721 11,
1130 1645 1163 1707 4ι
1186 1646 1388 1711 adstruebem

155 1746 287 1810 meliora
315 1751 473 1828 qnatenus
497 1747 533 1809 in
558 1749 683 1825 pertore
712 1744 776 1806 1111
805 1745 976 1807 iraennclie
1010 1745 1220 1811 materialiter
1250 1770 1388 1832 repnans

157 1896 181 1912 ..
197 1900 203 1912 .
219 1854 393 1929 praetentu
415 1849 522 1912 sellim
544 1847 721 1911 severitatis
743 1846 983 1911 emeeuleretnr.
1021 1849 1097 1913 VIH
1122 1850 1169 1927 15,
1193 1852 1227 1915 2:
1260 1852 1388 1916 1111111111

152 1953 302 2032 precatui
337 1957 367 2016 et
397 1952 519 2015 meritis
547 1950 703 2015 antistitis
732 1950 845 2013 summi
874 1955 1030 2030 qnatenus
1131 1955 1303 2031 praeconio
1331 1975 1387 2019 sne

158 2055 353 2134 famulemur
383 2054 450 2138 (ofr.
474 2057 600 2121 Rinsoh
628 2076 657 2138 p.
681 2053 765 2133 401).
810 2055 901 2117 simil.
925 2060 1125 2135 quantam
1155 2083 1197 2109 =
1226 2060 1264 2118 nt
1286 2059 1313 2122 V
1337 2059 1386 2136 17,

157 2159 194 2221 6:
217 2156 350 2220 lusimus
371 2157 496 2220 abunde
515 2161 671 2236 quantem
692 2155 828 2218 membre
858 2159 981 2234 torpore
1003 2157 1134 2219 statarii
1155 2156 1273 2221 laboris
1301 2159 1387 2224 1111-

156 2264 226 2322 1111
315 2264 544 2342 requereritur.
588 2266 747 2326 estenus
771 2265 811 2323 nt
824 2287 867 2312 =
882 2279 916 2321 eo
937 2258 1065 2327 consilio
1087 2262 1125 2320 nt
1140 2262 1183 2325 Vl
1198 2264 1228 2340 3,
1245 2263 1281 2325 2:
1304 2262 1388 2325 lune

156 2367 288 2426 eotenus
310 2364 523 2427 eemmenrlare
540 2383 711 2443 praesumo
732 2365 778 2437 nt,
808 2361 838 2423 si
868 2381 937 2423 enm
959 2361 1118 2424 instruere
1141 2362 1310 2444 dipnenter
1332 2366 1386 2429 arl-

157 2467 275 2529 1111111
303 2466 445 2529 consulte
474 2467 615 2547 fastidit,
649 2465 824 2528 auotoritas
856 2483 986 2550 serenae
1013 2468 1087 2527 tuae
1114 2464 1388 2534 dissimulantibus

158 2570 284 2631 studeat
303 2570 454 2632 1111111111
469 2569 611 2649 responsi
627 2567 823 2631 celeritatem.
854 2572 1032 2633 eatenus
1057 2589 1126 2652 quo
1138 2571 1156 2635 d
1169 2576 1388 2651 :prepterea

157 2672 241 2751 qnod
262 2695 287 2738 e.
312 2675 353 2736 22
377 2695 423 2757 ep.
447 2675 465 2754 ξ
489 2675 523 2736 o:
560 2692 687 2735 eermen
779 2669 942 2753 prolixius
963 2674 1093 2734 eatenus
1123 2673 1206 2753 queri
1232 2674 1387 2756 epiprem

156 2775 253 2837 matis
276 2775 441 2838 excesserit
462 2775 670 2856 paucitatem.

246 2900 319 2961 que
342 2881 373 2961 a)
398 2881 582 2944 adiunctum
598 2879 757 2943 voeabulis
772 2879 806 2941 in
821 2896 836 2938 1
851 2878 1067 2942 desinentibus
1090 2879 1222 2959 aliIsqno
1239 2899 1257 2943 a
1273 2883 1387 2962 quibus

160 2984 242 3064 apud
273 2985 370 3047 bonos
402 2983 570 3061 scriptores
600 2983 764 3047 obhorruit
794 2983 830 3043 ut
857 2979 869 3041 1
899 2981 928 3056 2,
957 2979 985 3041 4.
1019 2979 1059 3042 IV
1083 2979 1134 3056 21,
1159 2983 1187 3044 6.
1217 2982 1278 3046 VII
1302 2986 1330 3060 2,
1354 2985 1387 3048 5:

158 3084 269 3164 sieque.
301 3085 348 3148 VI
371 3085 398 3161 4,
423 3084 458 3148 1:
481 3084 620 3164 isticque.
654 3083 744 3161 VII,
763 3082 796 3146 1:
820 3100 1053 3162 numquamque
1077 3081 1146 3164 (Ov.
1162 3088 1236 3148 met.
1258 3085 1287 3164 9,
1303 3086 1386 3168 693).

158 3184 301 3267 ninilque
323 3188 367 3252 IV
392 3189 441 3265 25,
465 3189 494 3250 3.

245 3292 278 3372 b)
302 3311 485 3373 que-que
507 3317 550 3343 =
571 3292 646 3351 et-et
668 3294 705 3354 ut
727 3289 771 3351 IV
785 3289 834 3366 18,
859 3291 894 3351 2;
916 3292 1012 3368 teque
1032 3286 1197 3370 fraterque
1218 3291 1389 3354 eommunis

159 3395 317 3474 (similiter
342 3395 416 3458 Sall.
440 3397 472 3457 et
495 3394 568 3457 Tae.
590 3394 708 3457 rosulis
730 3411 790 3471 ene
855 3411 915 3470 ene
938 3396 1081 3470 utuntur,
1104 3394 1157 3457 ubi
1180 3394 1266 3476 prius
1289 3413 1388 3458 mem·

159 3498 251 3559 brom
284 3516 454 3578 pronomen
484 3495 556 3577 esi).
602 3496 661 3560 VII
685 3495 714 3572 9,
740 3495 777 3559 6:
816 3493 913 3574 deque
940 3513 1103 3576 eorumque
1135 3495 1389 3578 metropolitane:

158 3603 322 3679 praeterea
344 3619 436 3682 saepe
459 3601 490 3662 in
515 3619 641 3663 sermm.
665 3617 763 3680 aeque
786 3599 880 3679 atque
904 3616 951 3680 ap.
975 3602 1050 3663 vett.
1073 3603 1170 3682 poeti.

246 3703 387 3783 quippe
417 3702 501 3765 idern
531 3720 629 3784 paene
661 3720 729 3765 esse
759 3701 882 3764 videtur
912 3701 994 3782 quod
1017 3701 1208 3779 praesertim
1229 3702 1274 3765 IV
1297 3703 1325 3779 3,
1349 3702 1387 3767 l:

153 3806 286 3880 praeter
315 3822 451 3882 aequem
478 3802 542 3864 ista
575 3802 727 3864 eonieetes
759 3802 788 3863 si
815 3821 907 3865 reare
932 3801 1115 3865 mortalium
1146 3804 1323 3887 qnempiam

159 3925 223 3966 non
248 3925 368 3983 perere
399 3923 468 3966 eum
497 3905 533 3967 in
559 3924 692 3967 eeemen
721 3905 852 3968 aurium
883 3908 1012 3967 tearum
1034 3904 1151 3985 qnippe
1172 3907 1309 3986 scriptus
1330 3908 1387 3970 eal-
1500 3989 1503 3995 Ι

159 4006 296 4067 eumer.
343 4006 416 4069 VIII
437 4008 465 4084 6,
481 4009 516 4070 2;
539 4007 672 4086 insuper
683 4007 880 4087 praedicans
894 4008 978 4089 qued
992 4006 1151 4087 plurimes
1174 4009 1322 4072 invenem

158 4108 248 4171 eerio
268 4129 380 4190 ponere
401 4109 544 4172 dietenoli
639 4111 755 4192 qnippe
776 4110 880 4174 1111111
901 4130 976 4174 aare
997 4110 1111 4174 viridis
1197 4113 1256 4175 sim
1277 4132 1387 4192 snper-

157 4230 290 4291 presses.
327 4212 374 4276 III
400 4213 429 4290 1,
452 4212 486 4277 4:
515 4213 631 4296 quippe
653 4213 807 4278 sinestra
830 4215 934 4277 erebro
953 4212 1038 4276 illeol
1052 4215 1240 4293 praesentia
1260 4215 1386 4278 invisat.

158 4315 203 4379 IX
227 4314 255 4394 7,
280 4319 312 4379 3:
349 4315 464 4397 quippe
489 4316 519 4378 si
550 4315 634 4380 1111111
667 4337 737 4380 eum
768 4317 893 4380 rinmsis
925 4316 1061 4381 obieilns
1095 4320 1256 4399 exceptum
1289 4320 1387 4380 tenen
