3090 4898
753 211 792 275 77

155 413 233 459 mas.
298 399 327 475 2,
357 396 435 461 441:
473 395 586 459 desiste
622 395 738 459 moueri
772 416 828 460 ueo
863 397 997 462 muitum
1033 398 1159 479 trepida
1186 399 1332 483 (Kflhner
1354 403 1387 467 Η

158 499 219 563 145
242 496 312 581 sq.).
385 540 388 545 -

242 604 276 682 b)
298 622 376 667 neo
397 603 430 682 a)
453 604 486 667 ni
508 603 648 668 fallimur
670 624 726 687 pro
749 605 884 687 simplici
905 624 970 667 uou
994 605 1136 683 112171
1158 607 1214 686 qui
1236 607 1386 691 (fluvius)

232 723 375 785 spumoso
398 705 532 768 oaueseit
555 704 694 786 impulsu
724 710 753 768 et
775 726 831 769 uee
853 706 979 789 Ioupum
1000 707 1137 787 scopulis
1156 710 1389 792 praecipitibus

155 811 319 887 exemptus
341 807 413 872 lacu
435 808 590 873 eouditur.
639 810 716 874 VIII
738 813 766 887 6,
791 812 826 873 5:
856 811 894 871 ut
910 809 1053 889 primum
1075 811 1160 874 breui
1175 817 1311 892 peracta
1332 833 1388 878 uec

155 909 258 974 breuis
279 911 424 992 sportula
447 915 524 993 ..1):
547 914 585 977 de
609 932 670 995 quo
693 926 754 977 usu
776 915 996 994 antiquissimo
1019 917 1072 980 sed
1095 935 1114 981 a
1136 919 1226 982 class.
1250 920 1387 983 auotori-

156 1016 217 1080 bus
247 1017 340 1099 plane
362 1018 464 1081 alieno
494 1016 549 1081 cfr.
572 1016 686 1098 Dreeg.
708 1016 740 1079 II
762 1017 812 1080 67,
856 1020 1029 1082 necdum
1061 1039 1118 1102 pro
1148 1019 1287 1083 uoudum
1318 1041 1387 1086 sae·

156 1118 284 1201 pissime
307 1122 344 1183 111
366 1120 380 1183 I
404 1122 433 1196 5,
459 1122 515 1183 ll:
550 1118 627 1199 quia
654 1119 786 1182 ueedum
814 1119 858 1182 ad
885 1119 996 1182 mariti
1025 1119 1148 1184 domem
1177 1142 1259 1185 uooa
1285 1127 1388 1202 uupta

156 1219 315 1301 mipraoit.
359 1222 376 1285 Ι
399 1225 426 1300 7,
451 1224 506 1287 10:
535 1225 630 1302 atque
723 1222 899 1286 Aroaudus
920 1221 1050 1286 ueedum
1071 1223 1295 1306 iuterropatus.
1339 1227 1388 1291 III

159 1324 210 1401 11,
223 1327 262 1388 2.·
281 1343 363 1404 quas
385 1323 547 1407 (litteras)
569 1329 607 1389 ut
629 1325 760 1389 uecdum
781 1325 903 1389 mittere
917 1325 1041 1388 desidia
1062 1325 1181 1406 fuerat.
1225 1330 1387 1407 11114,2;

157 1424 196 1487 de
224 1426 335 1490 ceteris
367 1423 439 1492 oero
471 1429 571 1491 studii
607 1429 709 1493 uostri
738 1428 974 1510 deropatorebus
996 1477 1028 1490 ..
1051 1429 1182 1492 ueoduru
1209 1430 1388 1495 deliberavi.

158 1530 202 1593 IV
225 1531 276 1608 24,
300 1533 335 1595 8:
362 1531 464 1594 sorori
484 1531 615 1595 ueodum
636 1533 782 1607 maritus,
804 1530 907 1611 fratri
928 1531 1059 1594 uecdum
1083 1535 1219 1607 curator,
1248 1535 1389 1598 curatori

156 1631 289 1695 ueedum
310 1633 484 1698 satisdator
511 1634 659 1698 iueeutus
681 1639 734 1700 est.
780 1636 841 1699 VII
866 1636 892 1712 1,
921 1639 956 1700 2:
986 1638 1016 1698 et
1042 1635 1077 1698 ob
1104 1634 1159 1698 boe
1188 1636 1389 1717 circumfusis

158 1734 289 1798 ueodum
309 1736 366 1799 dat
385 1739 473 1818 torpa
495 1738 668 1801 terroribus
690 1741 762 1803 cett.
786 1736 914 1821 (Draeg.
937 1739 1024 1803 1167
1043 1758 1088 1821 sq.
1112 1742 1144 1804 et
1166 1739 1250 1806 Gblz.
1267 1741 1329 1806 434
1341 1762 1387 1824 sq.

162 1839 215 1920 qni
239 1841 380 1924 exempla
402 1842 513 1907 astum
535 1861 572 1904 ex
594 1841 719 1906 Hieron.
740 1842 833 1924 Cypr.
851 1841 961 1906 Claud.
982 1843 1109 1920 Rufin.).
1154 1842 1190 1926 β)
1212 1864 1269 1927 pro
1290 1864 1331 1906 ue

158 1939 284 2021 quidem
313 1942 381 2022 11,
405 1947 440 2008 2:
473 1963 563 2025 quem
590 1941 803 2025 (Ciceronem)
829 1943 865 2006 iu
893 1943 965 2007 stilo
991 1930 1163 2023 epistulari
1191 1964 1247 2008 uec
1276 1945 1390 2010 Julius

158 2035 311 2107 'Titianus
332 2044 430 2126 dipua
452 2045 662 2109 similitudiue
682 2046 847 2125 expressit.
896 2048 944 2112 III
965 2050 993 2125 3,
1011 2053 1045 2112 b:
1069 2048 1194 2111 turbam
1215 2049 1303 2112 ..de
1325 2069 1389 2131 qua

159 2148 189 2208 11
210 2165 267 2209 ueo
287 2152 433 2211 armatus
455 2148 615 2212 evolveres.
661 2151 704 2213 IV
731 2151 779 2228 17,
803 2153 838 2214 3:
867 2169 1000 2231 quorum
1023 2149 1185 2214 doctriuae
1211 2151 1390 2216 abundanti

160 2249 379 2315 eoeutiiaudae
410 2271 466 2315 uec
487 2250 677 2318 eousuitatio
707 2255 764 2315 tua
790 2251 921 2332 suflicit.
971 2254 1017 2317 IX
1040 2253 1070 2332 9,
1094 2257 1132 2318 5:
1164 2257 1272 2318 teuues
1301 2255 1390 2320 uobis

161 2371 226 2415 esse
248 2353 407 2417 amicitias
435 2373 491 2417 uec
510 2355 633 2418 iuimici
654 2355 773 2437 liupere
803 2357 922 2435 queuut
952 2359 983 2420 eb
1005 2375 1231 2440 saepenumero
1262 2358 1389 2442 (Draeg.

158 2454 192 2518 11
217 2456 367 2541 ilsqq.).

247 2557 277 2642 c)
301 2581 447 2626 necnon
470 2563 516 2626 IX
530 2561 579 2640 14,
591 2565 626 2626 5;
649 2579 770 2624 ueeuou
784 2559 940 2624 babeutur
951 2581 1015 2643 pro
1029 2562 1264 2626 reeurreutibus
1280 2563 1336 2644 qui

161 2666 194 2728 ei
216 2682 309 2746 saepe
332 2665 365 2728 in
395 2684 515 2730 sermm
548 2673 585 2731 ut
607 2669 636 2741 2,
661 2667 731 2730 121.
761 2668 789 2743 2,
811 2664 883 2730 416.
913 2669 941 2744 7,
963 2669 1024 2731 361
1049 2670 1123 2732 oeti-
1168 2686 1327 2733 necnon
1350 2672 1390 2733 et

160 2765 205 2828 IV
220 2768 270 2843 25,
286 2769 320 2830 2:
341 2770 531 2846 euceperuut
545 2767 733 2848 poutipieale
755 2767 919 2831 ooueibium
940 2769 1050 2832 uariae
1068 2768 1244 2833 ootuutates
1259 2769 1390 2848 oppida-

159 2885 274 2930 uorum
295 2887 415 2932 ueeuou
437 2873 467 2933 et
488 2869 548 2933 iiia
632 2869 740 2932 studia
756 2870 899 2949 priuata.
945 2872 989 2935 VI
1008 2874 1057 2952 12,
1076 2874 1113 2938 8:
1144 2870 1390 2952 Valeutiuaeque

160 2987 217 3031 ueo
238 2990 302 3033 uou
324 2975 354 3034 et
377 2971 576 3037 Tricastinae
597 2972 687 3036 urbis
703 2992 873 3054 possessor.
918 2994 943 3039 c.
966 2973 1005 3037 14
1028 2994 1075 3058 ep.
1094 2977 1111 3056 §
1132 2974 1167 3038 4:
1189 2993 1266 3036 uam
1288 2992 1390 3037 esseu-

161 3071 240 3135 tiam
261 3092 382 3138 ueeuou
403 3079 433 3138 et
446 3075 636 3140 iudoboriam
650 3075 835 3140 uomiuaoit.
881 3078 931 3154 22,
947 3076 1004 3141 47;
1027 3095 1147 3139 ueeuou
1169 3080 1199 3139 et
1212 3076 1302 3155 rapti
1317 3094 1390 3140 eou-

161 3174 244 3239 iuuu
256 3223 284 3238 ..
324 3181 371 3257 15,
385 3182 440 3243 80:
462 3197 518 3242 uec
535 3199 600 3242 uou
615 3178 811 3259 laeuaeque
829 3177 966 3242 laborem
981 3182 1055 3244 cett.
1080 3178 1306 3262 (Draeg.1168
1319 3178 1390 3263 sq.).

248 3282 397 3364 oppido
420 3302 448 3346 v.
472 3283 601 3347 valde.

248 3403 392 3466 parum
414 3405 476 3449 non
499 3387 563 3450 ism
592 3385 723 3451 nimiam
752 3385 874 3450 indicat
895 3385 1042 3468 inopiam,
1071 3387 1126 3451 sed
1155 3387 1197 3450 i'd.
1227 3391 1276 3452 est
1307 3390 1391 3471 qnod

156 3483 308 3562 paudum
323 3485 472 3567 (pauido),
495 3488 610 3562 miuus,
633 3485 722 3549 baud
741 3485 789 3548 ita
803 3485 947 3562 multum,
969 3487 1167 3556 mediocriter
1188 3491 1271 3554 11111
1289 3490 1338 3568 11,
1355 3491 1389 3555 1:

162 3587 341 3650 auimorum
371 3589 583 3653 eouiuuctioui
612 3592 763 3669 separata
790 3588 949 3669 utrimque
974 3590 1221 3667 porrectioribus
1247 3593 1392 3656 termiuis

163 3689 284 3752 obsistit
305 3689 458 3754 babitatio
472 3692 614 3771 equidem
636 3689 728 3754 semei
743 3689 894 3754 deoiuetis
909 3712 1029 3772 purum
1047 3693 1193 3757 uoeituru
1202 3696 1390 3774 pectoribus.

162 3791 211 3854 III
228 3791 277 3870 13,
294 3794 328 3858 7:
346 3812 467 3872 parum
487 3792 628 3873 amplius
650 3793 713 3875 tepi
733 3792 860 3873 capitiis
881 3814 977 3876 quam
991 3794 1197 3861 cicatricibus.
1232 3799 1274 3862 lv
1293 3798 1342 3874 10,
1358 3800 1390 3862 2:

164 3890 303 3956 libellum
330 3894 386 3974 qui
410 3915 527 3974 parum
555 3894 670 3960 cultior
697 3900 751 3959 est.
808 3897 889 3976 Vb,
913 3897 948 3962 1:
973 3917 1096 3978 parum
1121 3899 1229 3963 miuus
1259 3901 1389 3965 auuius.

164 3994 209 4058 VI
225 3998 254 4074 8,
277 3998 313 4060 2:
345 4017 409 4060 uou
430 4017 551 4076 parum
579 3998 726 4064 iutumos.
785 4000 848 4065 VH
872 4002 920 4083 18,
947 4004 983 4065 2:
1019 4001 1127 4065 eeusui
1149 4001 1264 4066 librum
1361 4006 1391 4065 et

251 4236 271 4302 1)
290 4233 413 4289 Luctinh.
432 4234 615 4304 Interpnngit:
642 4235 717 4290 breui
729 4240 849 4306 peraeta,
867 4254 916 4291 uee
933 4237 1028 4303 breuis,
1047 4238 1173 4307 sportula
1190 4239 1343 4308 significans
1360 4240 1391 4291 ut

164 4320 271 4375 videtur
288 4321 355 4376 haec
373 4320 457 4376 verbs
473 4322 551 4391 quasi
568 4322 599 4376 in
615 4322 770 4391 parenthesi
787 4323 909 4391 ponenda
926 4339 993 4378 esse.
