3090 4898
819 197 860 260 58

226 380 349 463 prinus.
397 383 515 460 7112,
541 381 577 446 1:
607 401 703 462 opem
733 381 890 447 caelorum
921 382 1011 468 (ἔργα
1041 393 1099 448 τοῦ
1128 385 1263 456 σκότους
1290 386 1348 450 Ro.
1373 383 1464 450 XIII

230 487 279 549 12.
301 487 379 569 pr.
403 485 430 549 V
455 484 519 566 11).
562 484 628 549 VH
651 488 679 564 0,
702 489 737 551 4;
766 491 946 550 sanctornm
971 490 1083 550 sancta
1113 485 1200 569 (ἅγια
1228 489 1328 570 ἁγίων
1359 489 1463 553 Hebr.

228 587 274 653 IX
303 589 346 669 3).
389 589 433 654 Vl
463 587 512 667 10,
539 591 574 653 2:
607 589 781 653 domesticis
811 590 888 670 ridel
918 593 962 671 (oi
994 593 1103 655 οἰκεῖοι
1136 599 1191 674 τῆς
1221 592 1357 662 πίστεως
1388 592 1463 658 Gal.

229 693 273 756 Vl
303 692 366 774 10).
410 691 491 756 VIH
515 692 563 770 14,
594 695 629 758 6:
659 711 729 756 cnm
755 693 950 757 sinceritatis
980 697 1010 757 et
1043 693 1189 756 ueritatis
1219 693 1342 774 arpmis
1373 693 1463 773 (Cor.

230 797 244 860 Ι
268 799 297 873 5,
321 796 355 859 8:
386 797 419 860 ἒν
447 796 582 879 ἀζύμοις
608 798 799 881 εἰλικρινείας
825 799 879 863 καὶ
902 796 1075 882 ἀληθείας).
1119 798 1211 862 ibid:
1232 795 1465 880 propositionis

228 917 344 980 panem
377 899 420 976 (oi
453 901 540 982 ἄρτοι
573 909 628 984 τῆς
663 902 852 984 προθέσεως
887 903 972 967 exod.
1010 902 1060 978 35,
1093 902 1132 965 13
1162 920 1248 983 regg.
1282 898 1317 963 Π
1349 901 1379 978 7,
1411 900 1465 965 48.

231 1003 343 1067 Matlb.
371 1003 418 1081 12,
440 1001 485 1085 4).

316 1106 486 1188 Reliquum
516 1109 564 1171 est
596 1111 633 1171 ut
660 1128 760 1172 unum
789 1116 1071 1173 commemoremus
1104 1108 1210 1173 locnm
1237 1127 1299 1189 quo
1328 1125 1465 1188 gene-

231 1211 486 1274 tivus'more
528 1229 680 1292 graeco
720 1211 989 1293 comparativo
1033 1211 1202 1275 adiunctus
1244 1212 1293 1274 est
1321 1210 1373 1285 11,
1404 1211 1467 1272 52:

231 1330 416 1393 maprcornm
436 1310 539 1374 maior
557 1331 709 1375 numum:
731 1314 785 1398 qni
800 1315 937 1396 genetivi
952 1333 1027 1378 usus
1043 1332 1223 1399 quanquam
1242 1313 1305 1377 iam
1325 1312 1467 1394 singulis

232 1417 335 1481 Taciti
352 1416 486 1480 Vitruvii
505 1415 648 1482 Suetonii
667 1418 744 1482 locis
766 1419 925 1482 invenitur
944 1419 1052 1480 tamen
1076 1435 1124 1499 ap.
1140 1417 1310 1499 Apuleium
1332 1415 1468 1480 demum

233 1537 270 1582 ex
297 1538 357 1600 quo
386 1520 523 1601 quinque
555 1521 696 1604 exempla
726 1521 854 1604 repetiit
884 1521 1061 1601 llraegerus
1098 1517 1116 1581 I
1145 1519 1208 1583 494
1241 1537 1286 1600 sq.
1320 1518 1468 1600 aliosque

233 1623 425 1687 senescentis
446 1623 616 1688 latinitatis
638 1625 805 1707 scriptores
825 1625 927 1708 coepit
950 1623 1087 1693 crebrior
1102 1640 1170 1687 esse
1187 1619 1287 1704 (Turb.
1302 1621 1387 1704 apol.
1406 1619 1468 1684 40:

232 1725 382 1789 maiorem
402 1724 502 1787 Asiae
523 1726 554 1789 e't
575 1724 708 1806 Africae
731 1729 858 1790 terram.
903 1730 1007 1791 Amm.
1030 1723 1106 1790 XVI
1130 1723 1185 1788 12:
1208 1722 1261 1785 sni
1282 1722 1468 1802 spectatior.

233 1829 319 1893 Hier.
342 1848 389 1912 ep.
414 1829 483 1906 108,
507 1829 539 1892 3:
566 1828 759 1909 minimaque
788 1829 855 1909 fnit
883 1829 968 1892 inter
995 1847 1100 1892 ornnes
1125 1830 1163 1889 nt
1191 1825 1331 1890 omnium
1361 1825 1471 1890 maior

234 1934 321 1994 esset.
357 1933 398 2004 >in
421 1933 536 1997 Mattb.
559 1930 595 1995 II
621 1934 667 2010 ll,
692 1935 745 1997 ll:
775 1952 839 1995 non
868 1931 952 1995 enim
973 1931 1117 2012 seqnitur
1135 1933 1172 1993 nt
1199 1929 1229 1992 si
1249 1927 1310 1992 alii
1327 1928 1472 1993 maiores

234 2053 267 2097 eo
289 2054 354 2097 non
376 2037 452 2097 sunt
473 2032 527 2097 ille
548 2034 651 2098 maior
670 2034 808 2100 alibrum
829 2035 880 2099 sit.
920 2037 1025 2100 Rufin.
1043 2036 1071 2098 h.
1087 2054 1128 2098 m.
1144 2033 1180 2095 9:
1203 2031 1327 2095 maiora
1351 2030 1470 2095 boram

234 2136 326 2218 sipna
347 2137 481 2216 facietis.
526 2139 558 2201 in
589 2143 673 2205 cant.
695 2137 730 2202 II
761 2161 789 2223 p.
812 2143 874 2204 390
897 2139 930 2202 L.
974 2137 1086 2201 bmnm
1115 2135 1254 2200 omnium
1285 2135 1473 2198 invenimus

234 2240 403 2319 interiores
431 2239 521 2304 alios.
565 2244 637 2325 περὶ
666 2245 777 2326 ἀρχῶν
809 2241 822 2305 1
849 2245 880 2320 1,
910 2244 964 2306 17:
1002 2240 1086 2321 quod
1110 2239 1221 2303 anima
1241 2237 1473 2318 praestantior

235 2343 278 2406 sit
299 2343 396 2407 totins
417 2347 555 2407 naturae
577 2363 741 2425 corporeae
763 2344 862 2426 cett.)-

616 2603 638 2685 ξ
661 2603 710 2671 18.
753 2603 806 2670 Ile
829 2621 894 2670 usu
919 2602 1079 2668 ablativi.

322 2760 426 2824 Verba
448 2761 497 2824 vel
520 2761 693 2843 composita
720 2760 770 2824 vel
792 2760 948 2842 simplicia
977 2778 996 2822 a
1018 2758 1132 2840 quibus
1162 2755 1320 2820 ablativus
1351 2755 1475 2838 pendet

236 2867 362 2946 praeter
384 2864 588 2927 classicorum
612 2864 800 2946 scriptorum
822 2883 916 2928 usum
939 2863 1125 2944 collegimus
1147 2861 1238 2924 haec:

324 2964 470 3031 decido
492 2965 541 3030 ΙΙΙ
561 2967 609 3044 13,
632 2967 665 3029 8:
688 2965 802 3028 decidit
817 2964 915 3030 bonor
932 2964 1060 3039 ameris,
1078 2963 1168 3027 deam
1185 2957 1348 3033 manubiis,
1372 2957 1475 3022 rebar
1536 3008 1540 3013 .

238 3066 364 3130 lacertis
388 3067 500 3152 (semel
523 3069 623 3144 Caes,
645 3072 770 3154 praeter
801 3089 873 3134 eum
895 3071 993 3152 poelt.
1017 3072 1050 3132 et
1080 3085 1137 3131 scr.
1171 3086 1200 3148 p.
1223 3060 1328 3144 Aug).
1385 3062 1474 3126 dis-

238 3192 363 3237 cerno
380 3173 429 3250 15,
443 3171 520 3236 111:
544 3192 617 3235 uero
639 3171 745 3235 calent
766 3171 941 3235 discernere
962 3168 1083 3250 falsum
1105 3167 1233 3250 (Verg.).
1248 3201 1290 3210 -
1302 3163 1381 3237 VIII
1395 3167 1426 3242 2,
1439 3167 1473 3228 2:

237 3273 353 3338 solebat
375 3273 485 3338 ultimo
508 3293 673 3356 aquaque
695 3294 835 3339 summus
856 3275 986 3355 quisquc
1009 3270 1155 3337 discerni.
1190 3269 1386 3349 discingo
1409 3267 1473 3345 17,

239 3383 273 3445 3:
294 3381 451 3458 potestate
473 3377 643 3440 discinctus
665 3377 771 3462 (Mart.
791 3378 867 3460 Sil).
913 3399 929 3443 e
961 3379 1065 3442 abor
1088 3376 1167 3451 119,
1190 3374 1225 3434 2;
1247 3389 1287 3434 m
1308 3388 1371 3450 quo
1395 3387 1475 3432 casu

239 3481 401 3562 dispositis
422 3481 601 3561 officiorum
622 3480 752 3544 insidiis
773 3480 976 3544 elaberemur.
1020 3478 1115 3555 1113,
1138 3477 1172 3540 3:
1194 3495 1259 3538 non
1275 3475 1475 3553 praestan

239 3605 334 3665 qnam
349 3584 454 3648 cirins
464 3584 643 3665 pectoribus
657 3583 738 3647 elabi
761 3586 932 3664 (rarissime
948 3603 995 3667 ap.
1013 3583 1074 3648 010.
1091 3581 1144 3664 qui
1160 3578 1197 3641 de
1212 3579 1260 3643 vel
1275 3595 1316 3640 en
1329 3577 1474 3660 plerum-

240 3709 300 3771 que
319 3681 472 3773 adposuit
484 3691 516 3753 id
532 3690 615 3771 quod
631 3691 696 3771 ipse
713 3687 776 3752 Sid.
792 3688 868 3753 fecit
883 3687 927 3751 IV
944 3687 993 3764 18,
1007 3689 1045 3750 3:
1068 3681 1243 3748 emanibus
1255 3677 1422 3760 elabitur).
1432 3714 1476 3723 —-
1527 3736 1534 3742 .

241 3814 265 3858 c.
289 3794 367 3857 dat.
391 3791 506 3855 V1117
524 3812 549 3856 c.
573 3794 605 3856 7:
629 3789 755 3869 elapsus
778 3789 846 3872 repi
867 3787 1045 3852 truculento
1068 3785 1195 3851 Susidis
1217 3802 1291 3847 orae
1315 3782 1422 3864 (bum.
1443 3784 1477 3846 et

241 3916 298 3961 scr.
320 3916 349 3979 p.
375 3898 411 3959 A.
434 3892 489 3960 cfr.
512 3895 627 3976 Draeg.
650 3896 665 3958 l
685 3893 769 3976 511).
814 3893 1012 3958 *elimIno
1034 3891 1080 3955 IV
1098 3890 1146 3968 10,
1165 3892 1195 3953 1;
1220 3907 1268 3951 me
1289 3883 1350 3949 soli
1366 3884 1478 3966 patrii

240 3997 359 4077 sinibus
381 3996 586 4060 eliminatam.
635 3998 696 4061 Vll
719 3998 748 4074 0,
772 3997 808 4060 9:
837 4014 914 4076 quos
936 3991 1093 4057 catbedris
1122 3990 1182 4054 sibi
1213 3988 1343 4053 traditis
1374 3987 1478 4052 clinii-

241 4103 395 4162 natos....
440 4102 723 4166 *eluminatus
745 4101 823 4164 VIII
845 4101 894 4175 ll,
918 4099 970 4163 11:
992 4095 1113 4178 pomino
1135 4093 1251 4158 obtutu.
1295 4111 1477 4175 emungo

242 4203 355 4281 7112,
380 4206 417 4268 8:
450 4224 513 4267 non
529 4223 634 4283 paruo
656 4202 821 4266 corollario
847 4200 1035 4282 facilitatem
1063 4195 1338 4276 credulitatemque
1368 4193 1479 4258 mnni-

242 4307 390 4388 Jicentiae
411 4306 542 4371 socratis
564 4325 741 4389 emnnpens.
786 4307 831 4371 IX
856 4308 883 4383 7,
907 4308 942 4368 l:
964 4301 1209 4366 scrutaminum
1232 4348 1305 4363 ....
1328 4297 1480 4378 copiosis·
