3090 4898
162 99 342 162 doetrtuoe:
365 120 445 182 quae
469 102 626 166 nescimus
651 122 711 183 quo
734 104 801 168 iure
826 104 906 168 Gall.
931 105 978 168 illi
1000 106 1100 189 intpp.
1124 107 1293 172 verterint:
1320 105 1392 169 c’est

160 220 246 265 ossea
268 221 325 264 sur
347 201 376 264 le
397 202 505 265 uririte
527 202 564 266 de
586 208 620 265 tu
642 208 732 266 oertu
755 210 784 268 et
806 225 863 268 sur
885 205 919 268 tc
940 206 1025 286 force
1047 207 1085 270 de
1107 211 1161 270 tou
1179 207 1293 270 soooir.

246 305 276 387 o)
300 327 356 390 pro
386 307 471 370 nudo
503 308 563 372 abl.
593 308 639 371 IX
669 311 697 384 9,
723 307 780 373 1οε
820 309 931 391 (opus)
961 307 1143 389 bipertitum
1178 311 1234 374 sub
1272 310 1391 393 dictoqi

159 407 319 483 scdeucote,
343 408 400 471 sub
423 427 592 472 cuusururu
613 409 745 473 themate
766 413 1042 492 quadripertitum.
1088 415 1133 478 IX
1158 414 1195 478 15
1220 434 1245 478 c.
1263 418 1303 480 39
1327 435 1389 496 sq.:

158 510 420 599 scholasticusque
443 512 498 575 sui
516 512 753 576 rotuu'diordrus
775 513 890 579 Petrus
909 515 1056 579 Coueuis
1077 514 1251 579 dictitasset
1273 517 1390 580 uerius.

159 616 188 691 2,
213 617 276 680 268
295 635 356 697 sq.:
387 634 451 677 uou
464 619 615 694 percaute
636 615 691 679 sub
716 615 778 678 ictu
800 616 940 681 Edoctus
957 637 1089 697 peccare
1109 617 1212 698 furor.
1258 620 1287 698 2,
1314 621 1389 685 464:

158 716 213 780 teos
235 736 355 798 quoque
377 717 432 780 sub
456 717 574 780 uostris
593 718 713 781 domuit
735 717 890 784 Seruilius
911 721 1019 785 orm-is.
1064 725 1091 800 7,
1114 722 1196 785 263:
1230 722 1287 785 suo
1309 722 1390 785 ussi-

159 820 232 882 duis
253 820 402 883 deutotus
424 819 567 883 coedibus
589 821 674 884 eusis
696 826 768 887 cett.

245 925 272 985 2.
318 925 355 988 de
379 926 455 988 sub
480 945 504 988 c.
528 944 604 989 acc.
628 926 706 990 nihil
728 927 789 990 fuit
811 929 994 992 notandum.

244 1025 304 1089 ΠΙ.
342 1047 459 1111 super
499 1027 525 1090 1.
555 1049 579 1092 c.
613 1030 674 1092 abl.
720 1028 751 1110 a)
780 1054 823 1081 =
845 1029 882 1091 de
912 1030 1039 1113 perinde
1076 1032 1170 1111 atque
1201 1049 1248 1113 ap.
1279 1049 1389 1095 omnes

159 1131 300 1194 omnium
323 1133 464 1195 aetatum
485 1131 655 1214 scriptores
677 1137 804 1213 praeter
820 1132 883 1198 Cic.
902 1131 1053 1214 (exceptis
1071 1131 1153 1214 epp.)
1176 1135 1208 1195 et
1223 1131 1389 1197 Caesarem

159 1232 220 1314 (ap.
245 1231 320 1296 Sall.
343 1230 471 1314 semel):
495 1234 584 1299 euius
606 1255 683 1299 usus
705 1256 770 1300 non
792 1235 854 1299 fuit
877 1235 959 1317 quod
983 1236 1127 1318 exempla
1149 1235 1351 1300 adferremus.

246 1333 279 1415 b)
302 1337 504 1400 coniunctum
528 1348 599 1400 curn
621 1340 669 1401 rb.
689 1339 949 1421 supersedere
980 1358 1004 1403 c.
1029 1337 1069 1400 14
1092 1357 1138 1420 ep.
1162 1336 1179 1418 ἓ
1202 1340 1234 1400 2:
1266 1336 1388 1400 uouerit

158 1436 219 1500 soii
240 1440 298 1499 out
318 1457 414 1517 super
433 1437 646 1501 huiuscemodi
667 1439 750 1502 ortis
771 1440 925 1503 meutioue
949 1438 1214 1520 suqrersedeuduru
1232 1443 1290 1502 out
1313 1445 1387 1507 cett.

159 1540 265 1621 (simil.
287 1541 488 1620 supersedere
507 1540 544 1603 de
563 1543 578 1605 I
602 1543 630 1618 2,
646 1545 684 1606 c:
707 1541 745 1604 de
767 1541 848 1606 luuu
870 1547 976 1606 cutem
996 1540 1052 1604 itio
1067 1541 1248 1605 sublaturio
1268 1561 1387 1605 corro-

158 1643 239 1706 tioui
259 1663 345 1706 uceue
367 1643 633 1722 supersedendum
655 1648 719 1724 est).

244 1749 272 1810 2.
308 1767 332 1812 c.
356 1767 419 1811 acc.
464 1745 496 1829 a)
520 1749 558 1812 de
582 1746 893 1830 dignitate113,2:
918 1747 1065 1811 Guneuru
1086 1745 1269 1826 Pompeium
1291 1767 1387 1827 super

158 1848 297 1912 muutos
318 1849 432 1912 eututit
505 1849 720 1929 popularitas.
768 1849 843 1912 Vlll
866 1852 895 1929 6,
915 1854 949 1915 2ε
976 1868 1073 1928 super
1095 1852 1219 1913 cuuctos
1239 1853 1269 1914 te
1291 1871 1387 1932 quoru

151 1953 296 2032 portuum
318 1952 420 2014 decuit
441 1972 613 2034 uquoscere.

243 2055 279 2137 b)
302 2082 345 2109 =
356 2059 488 2134 praeter
510 2059 536 2121 si
559 2059 651 2121 modo
674 2061 759 2121 recte
782 2058 995 2122 intelleximus
1017 2056 1101 2122 VHI
1123 2059 1171 2133 10,
1188 2060 1223 2119 2:
1246 2076 1306 2138 quo
1328 2056 1388 2120 toci

157 2161 271 2233 tumea,
294 2158 323 2220 si
342 2159 485 2220 uuimuur
507 2162 644 2220 cestrum
665 2158 739 2221 beue
755 2158 883 2233 metior,.
897 2177 993 2238 super
1014 2159 1163 2238 offectuuc
1176 2178 1268 2238 quem
1283 2159 1386 2223 ucoc-

156 2281 242 2323 urum
264 2260 400 2324 osteudis
424 2259 536 2324 doctu
559 2265 588 2323 et
610 2264 680 2323 orte
702 2260 814 2341 fecisti.

242 2366 330 2430 Haec
352 2365 520 2429 habuimus
545 2384 624 2447 quae
647 2366 685 2428 de
702 2365 872 2430 Sidonianc
895 2367 1166 2449 praepositionum
1188 2384 1248 2429 usu
1271 2366 1385 2442 disser-

158 2487 290 2532 eremus.
338 2489 400 2533 non
423 2487 481 2532 nos
504 2467 616 2532 lelellit
644 2469 744 2531 multo
767 2469 894 2532 uberius
918 2473 951 2532 et
974 2471 1129 2552 copiosius
1152 2469 1190 2532 de
1213 2469 1273 2533 hac
1294 2473 1385 2551 parte
1476 2538 1479 2549 ,

157 2572 296 2652 potuisse
332 2573 444 2653 exponi
478 2589 707 2652 numerumque
747 2572 960 2652 exemplorum
997 2572 1112 2652 augeri.
1165 2571 1220 2635 sed
1257 2590 1320 2634 non
1352 2571 1386 2636 id
1425 2594 1427 2599 ⁴

158 2674 278 2753 egimus
302 2677 339 2737 ut
361 2674 502 2758 exempla
525 2673 708 2738 afferremus
730 2675 835 2737 omnia
851 2677 946 2755 atque
962 2674 1058 2739 etiam
1081 2692 1209 2757 prorsus
1224 2674 1383 2754 legitima:

157 2778 220 2839 imo
243 2778 347 2859 potius
374 2779 406 2841 id
436 2796 545 2840 smnus
568 2777 633 2840 nini
655 2780 691 2840 ut
712 2777 886 2856 insigniora
916 2780 1044 2840 tanturn
1067 2776 1210 2858 quamvis
1233 2778 1385 2842 nonnulla

157 2899 219 2942 non
244 2881 321 2944 satis
344 2881 511 2963 perspicua
533 2883 589 2943 aut
612 2880 748 2943 dilucida
771 2898 1033 2943 enumeraremus.
1071 2898 1173 2961 nequo
1194 2879 1271 2944 vitio
1292 2881 1384 2946 nobis

157 3001 282 3045 versum
309 2984 346 3046 iri
379 2983 574 3065 speravimus
604 2983 686 3063 quod
714 2983 799 3045 locos
823 2982 976 3062 quosdam
998 2981 1191 3048 difficiliores
1215 2986 1247 3047 et
1270 2984 1383 3048 obscu-

157 3086 253 3149 riores
276 3086 475 3168 interpretari
497 3104 559 3148 non
583 3103 692 3148 sumus
715 3085 868 3164 aggressi:
892 3085 1006 3168 quippe
1029 3085 1257 3150 iam'Ruricius
1273 3086 1383 3151 Lemo·

157 3190 291 3253 vicensis
315 3187 375 3273 (ep.
398 3187 433 3251 ΙΙ
456 3191 506 3264 26,
530 3190 563 3267 3)
589 3187 707 3251 Sidonii
730 3187 870 3269 aequalis
895 3190 989 3270 atque
1010 3187 1132 3252 amicus
1158 3188 1249 3253 illum
1272 3190 1383 3254 obscu-

156 3293 270 3355 riorem
294 3311 360 3356 esse
385 3296 417 3356 et
439 3294 609 3374 interprete
633 3308 724 3370 egere
748 3294 940 3372 conquestus
963 3292 1019 3355 est

242 3393 328 3471 Quae
352 3398 458 3459 autem
482 3413 518 3457 ex
541 3395 585 3457 eis
608 3392 757 3475 exemplis
782 3411 862 3474 quac
890 3394 1054 3457 attulimus
1078 3398 1311 3475 consequantur
1334 3395 1384 3459 vix

157 3499 205 3560 est
238 3498 320 3577 quod
348 3497 509 3561 addamus.
560 3496 737 3577 quicunque
772 3496 856 3559 enim
887 3497 992 3578 paullo
1020 3497 1175 3560 attentius
1205 3497 1382 3579 perlegerit,

157 3619 193 3661 ea
226 3618 306 3680 quae
337 3600 493 3664 Henrieus
527 3599 639 3663 thzer
680 3597 719 3661 de
750 3597 945 3680 Hieronymo
976 3599 1182 3680 omnibusque
1215 3600 1383 3665 latinitatis

157 3701 246 3780 quasi
277 3700 411 3764 labentis
445 3702 650 3784 scriptoribus
685 3700 761 3764 dicit
793 3701 826 3765 in
842 3764 845 3770 ,
861 3700 1024 3767 Sidonium
1059 3721 1182 3784 quoque
1218 3703 1383 3783 intelleget

156 3803 281 3866 cadere:
298 3803 490 3868 senescentis
514 3804 682 3869 latinitatis
699 3805 811 3882 aetate,
830 3805 977 3887 quoniam
997 3805 1045 3867 illi
1065 3805 1234 3889 scriptores
1249 3807 1383 3870 nimium

155 3907 319 3969 hauserint
341 3925 377 3971 ex
401 3907 554 3971 sermonis
576 3906 715 3988 vulgaris
737 3906 879 3972 fontibus
901 3907 1168 3990 praepositionum
1186 3926 1279 3972 usum
1297 3908 1381 3972 iusto

155 4011 251 4074 latius
274 4011 422 4093 patuisse.
