<?xml version="1.0" encoding="UTF-8"?>
<!DOCTYPE html PUBLIC "-//W3C//DTD XHTML 1.0 Transitional//EN"
    "http://www.w3.org/TR/xhtml1/DTD/xhtml1-transitional.dtd">
<html xmlns="http://www.w3.org/1999/xhtml" xml:lang="en" lang="en">
 <head>
  <title>
</title>
<meta http-equiv="Content-Type" content="text/html;charset=utf-8" />
  <meta name='ocr-system' content='tesseract 3.04.00' />
  <meta name='ocr-capabilities' content='ocr_page ocr_carea ocr_par ocr_line ocrx_word'/>
</head>
<body>
  <div class='ocr_page' id='page_1' title='image "./deapollinarissi01mlgoog_0095.png"; bbox 0 0 3090 4898; ppageno 0'>
   <div class='ocr_carea' id='block_1_1' title="bbox 829 196 870 260">
    <p class='ocr_par' dir='ltr' id='par_1_1' title="bbox 829 196 870 260">
     <span class='ocr_line' id='line_1_1' title="bbox 829 196 870 260; baseline -0.024 0"><span class='ocrx_word' id='word_1_1' title='bbox 829 196 870 260; x_wconf 89' lang='grc'><em>88</em></span> 
     </span>
    </p>
   </div>
   <div class='ocr_carea' id='block_1_2' title="bbox 236 382 1467 2318">
    <p class='ocr_par' dir='ltr' id='par_1_2' title="bbox 236 382 1466 1807">
     <span class='ocr_line' id='line_1_2' title="bbox 236 382 1465 468; baseline -0.002 -21"><span class='ocrx_word' id='word_1_2' title='bbox 236 384 435 468; x_wconf 73' lang='lat' dir='ltr'><em>pertissimus</em></span> <span class='ocrx_word' id='word_1_3' title='bbox 455 382 557 467; x_wconf 88' lang='lat' dir='ltr'><em>(codd.</em></span> <span class='ocrx_word' id='word_1_4' title='bbox 580 382 837 466; x_wconf 86' lang='lat' dir='ltr'><em>spectatissimus)</em></span> <span class='ocrx_word' id='word_1_5' title='bbox 859 382 998 463; x_wconf 91' lang='lat' dir='ltr'><em>quisque.</em></span> <span class='ocrx_word' id='word_1_6' title='bbox 1043 382 1140 461; x_wconf 85' lang='lat' dir='ltr'><em>vlo,</em></span> <span class='ocrx_word' id='word_1_7' title='bbox 1160 387 1188 447; x_wconf 84' lang='lat'><em>2.</em></span> <span class='ocrx_word' id='word_1_8' title='bbox 1213 384 1239 446; x_wconf 92' lang='lat' dir='ltr'>V</span> <span class='ocrx_word' id='word_1_9' title='bbox 1260 385 1309 460; x_wconf 98' lang='grc'><em>16,</em></span> <span class='ocrx_word' id='word_1_10' title='bbox 1329 386 1363 447; x_wconf 84' lang='lat'><em>2:</em></span> <span class='ocrx_word' id='word_1_11' title='bbox 1386 382 1465 465; x_wconf 89' lang='lat' dir='ltr'><em>opti-</em></span> 
     </span>
     <span class='ocr_line' id='line_1_3' title="bbox 238 485 1464 567; baseline 0 -16"><span class='ocrx_word' id='word_1_12' title='bbox 238 508 308 551; x_wconf 90' lang='lat' dir='ltr'><em>mus</em></span> <span class='ocrx_word' id='word_1_13' title='bbox 329 487 467 567; x_wconf 90' lang='lat' dir='ltr'><em>quisque.</em></span> <span class='ocrx_word' id='word_1_14' title='bbox 512 487 589 551; x_wconf 83' lang='lat' dir='ltr'>VIII</span> <span class='ocrx_word' id='word_1_15' title='bbox 612 491 640 562; x_wconf 82' lang='lat'><em>2,</em></span> <span class='ocrx_word' id='word_1_16' title='bbox 665 490 701 550; x_wconf 84' lang='lat'><em>2:</em></span> <span class='ocrx_word' id='word_1_17' title='bbox 735 485 845 549; x_wconf 84' lang='lat' dir='ltr'><em>ultimo</em></span> <span class='ocrx_word' id='word_1_18' title='bbox 868 505 1031 566; x_wconf 90' lang='lat' dir='ltr'><em>aquaque</em></span> <span class='ocrx_word' id='word_1_19' title='bbox 1059 505 1200 548; x_wconf 81' lang='lat' dir='ltr'><em>suurmus</em></span> <span class='ocrx_word' id='word_1_20' title='bbox 1229 486 1362 567; x_wconf 85' lang='lat' dir='ltr'><em>quisque</em></span> <span class='ocrx_word' id='word_1_21' title='bbox 1392 490 1464 552; x_wconf 85' lang='lat' dir='ltr'><em>cett.</em></span> 
     </span>
     <span class='ocr_line' id='line_1_4' title="bbox 239 588 1465 674; baseline -0.005 -17"><span class='ocrx_word' id='word_1_22' title='bbox 239 613 326 657; x_wconf 89' lang='lat' dir='ltr'><em>oum</em></span> <span class='ocrx_word' id='word_1_23' title='bbox 349 593 500 674; x_wconf 87' lang='lat' dir='ltr'><em>suporI.</em></span> <span class='ocrx_word' id='word_1_24' title='bbox 523 594 622 674; x_wconf 91' lang='lat' dir='ltr'><em>plur.</em></span> <span class='ocrx_word' id='word_1_25' title='bbox 646 590 677 653; x_wconf 96' lang='lat' dir='ltr'><em>II</em></span> <span class='ocrx_word' id='word_1_26' title='bbox 701 588 751 662; x_wconf 86' lang='grc'><em>16,</em></span> <span class='ocrx_word' id='word_1_27' title='bbox 778 593 810 653; x_wconf 88' lang='lat' dir='ltr'><em>l:</em></span> <span class='ocrx_word' id='word_1_28' title='bbox 828 589 1018 668; x_wconf 72' lang='lat' dir='ltr'><em>paucissimi</em></span> <span class='ocrx_word' id='word_1_29' title='bbox 1039 588 1163 669; x_wconf 88' lang='lat' dir='ltr'><em>quique.</em></span> <span class='ocrx_word' id='word_1_30' title='bbox 1209 591 1256 653; x_wconf 94' lang='lat' dir='ltr'><em>III</em></span> <span class='ocrx_word' id='word_1_31' title='bbox 1280 592 1308 666; x_wconf 89' lang='lat'><em>3,</em></span> <span class='ocrx_word' id='word_1_32' title='bbox 1333 591 1368 654; x_wconf 91' lang='lat'><em>4:</em></span> <span class='ocrx_word' id='word_1_33' title='bbox 1398 607 1465 651; x_wconf 88' lang='lat' dir='ltr'><em>cae-</em></span> 
     </span>
     <span class='ocr_line' id='line_1_5' title="bbox 239 691 1464 774; baseline -0.001 -17"><span class='ocrx_word' id='word_1_34' title='bbox 239 695 284 757; x_wconf 88' lang='lat' dir='ltr'><em>sis</em></span> <span class='ocrx_word' id='word_1_35' title='bbox 306 694 478 774; x_wconf 77' lang='lat' dir='ltr'><em>quibusque</em></span> <span class='ocrx_word' id='word_1_36' title='bbox 500 693 635 774; x_wconf 84' lang='lat' dir='ltr'><em>optimis</em></span> <span class='ocrx_word' id='word_1_37' title='bbox 681 693 723 756; x_wconf 91' lang='lat' dir='ltr'>VI</span> <span class='ocrx_word' id='word_1_38' title='bbox 740 696 776 756; x_wconf 91' lang='lat'><em>5:</em></span> <span class='ocrx_word' id='word_1_39' title='bbox 800 691 885 753; x_wconf 85' lang='lat' dir='ltr'><em>iuter</em></span> <span class='ocrx_word' id='word_1_40' title='bbox 907 691 1149 773; x_wconf 85' lang='lat' dir='ltr'><em>spectatissimos</em></span> <span class='ocrx_word' id='word_1_41' title='bbox 1170 711 1315 772; x_wconf 89' lang='lat' dir='ltr'><em>quosque.</em></span> <span class='ocrx_word' id='word_1_42' title='bbox 1353 693 1400 757; x_wconf 89' lang='lat' dir='ltr'>IX</span> <span class='ocrx_word' id='word_1_43' title='bbox 1417 694 1464 768; x_wconf 83' lang='grc'><em>13,</em></span> 
     </span>
     <span class='ocr_line' id='line_1_6' title="bbox 241 795 1465 878; baseline -0.004 -15"><span class='ocrx_word' id='word_1_44' title='bbox 241 801 274 863; x_wconf 85' lang='grc'><em>1;</em></span> <span class='ocrx_word' id='word_1_45' title='bbox 304 797 477 878; x_wconf 78' lang='lat' dir='ltr'><em>quibusque</em></span> <span class='ocrx_word' id='word_1_46' title='bbox 506 795 688 858; x_wconf 79' lang='lat' dir='ltr'><em>lectissimis.</em></span> <span class='ocrx_word' id='word_1_47' title='bbox 738 796 885 871; x_wconf 86' lang='lat' dir='ltr'>I7,13:</span> <span class='ocrx_word' id='word_1_48' title='bbox 922 814 1071 872; x_wconf 88' lang='lat' dir='ltr'><em>suprema</em></span> <span class='ocrx_word' id='word_1_49' title='bbox 1101 814 1242 875; x_wconf 86' lang='lat' dir='ltr'><em>quaeque</em></span> <span class='ocrx_word' id='word_1_50' title='bbox 1273 800 1347 860; x_wconf 86' lang='lat' dir='ltr'><em>cett.</em></span> <span class='ocrx_word' id='word_1_51' title='bbox 1411 796 1465 859; x_wconf 88' lang='lat' dir='ltr'><em>sed</em></span> 
     </span>
     <span class='ocr_line' id='line_1_7' title="bbox 240 898 1465 985; baseline -0.003 -19"><span class='ocrx_word' id='word_1_52' title='bbox 240 922 324 967; x_wconf 87' lang='lat' dir='ltr'><em>eum</em></span> <span class='ocrx_word' id='word_1_53' title='bbox 349 901 653 983; x_wconf 81' lang='lat' dir='ltr'><em>comparativis</em></span> <span class='ocrx_word' id='word_1_54' title='bbox 677 900 789 985; x_wconf 84' lang='lat' dir='ltr'><em>quibus</em></span> <span class='ocrx_word' id='word_1_55' title='bbox 813 898 996 962; x_wconf 74' lang='lat' dir='ltr'><em>adiunctum</em></span> <span class='ocrx_word' id='word_1_56' title='bbox 1019 899 1079 962; x_wconf 87' lang='lat' dir='ltr'><em>hoo</em></span> <span class='ocrx_word' id='word_1_57' title='bbox 1100 918 1272 981; x_wconf 79' lang='lat' dir='ltr'><em>pronomen</em></span> <span class='ocrx_word' id='word_1_58' title='bbox 1300 917 1349 982; x_wconf 85' lang='lat' dir='ltr'><em>ep.</em></span> <span class='ocrx_word' id='word_1_59' title='bbox 1378 917 1465 962; x_wconf 89' lang='lat' dir='ltr'><em>sene·</em></span> 
     </span>
     <span class='ocr_line' id='line_1_8' title="bbox 241 994 1466 1085; baseline -0.005 -15"><span class='ocrx_word' id='word_1_60' title='bbox 241 1006 356 1070; x_wconf 84' lang='lat' dir='ltr'><em>suentis</em></span> <span class='ocrx_word' id='word_1_61' title='bbox 383 994 553 1068; x_wconf 76' lang='lat' dir='ltr'><em>latinitetis</em></span> <span class='ocrx_word' id='word_1_62' title='bbox 576 1003 744 1085; x_wconf 77' lang='lat' dir='ltr'><em>scriptores</em></span> <span class='ocrx_word' id='word_1_63' title='bbox 775 1002 857 1065; x_wconf 82' lang='lat' dir='ltr'><em>haud</em></span> <span class='ocrx_word' id='word_1_64' title='bbox 882 1001 928 1065; x_wconf 84' lang='lat' dir='ltr'><em>itu</em></span> <span class='ocrx_word' id='word_1_65' title='bbox 949 1020 1019 1065; x_wconf 81' lang='lat' dir='ltr'><em>raro</em></span> <span class='ocrx_word' id='word_1_66' title='bbox 1041 1002 1201 1065; x_wconf 80' lang='lat' dir='ltr'><em>invenitur</em></span> <span class='ocrx_word' id='word_1_67' title='bbox 1230 1021 1277 1084; x_wconf 86' lang='lat' dir='ltr'><em>ap.</em></span> <span class='ocrx_word' id='word_1_68' title='bbox 1302 1002 1466 1066; x_wconf 74' lang='grc'>616666-</span> 
     </span>
     <span class='ocr_line' id='line_1_9' title="bbox 240 1103 1465 1188; baseline -0.005 -16"><span class='ocrx_word' id='word_1_69' title='bbox 240 1110 383 1172; x_wconf 89' lang='lat' dir='ltr'><em>iunotum</em></span> <span class='ocrx_word' id='word_1_70' title='bbox 417 1125 573 1188; x_wconf 88' lang='lat' dir='ltr'><em>nusquam</em></span> <span class='ocrx_word' id='word_1_71' title='bbox 598 1108 683 1168; x_wconf 82' lang='lat' dir='ltr'><em>extat</em></span> <span class='ocrx_word' id='word_1_72' title='bbox 707 1103 805 1183; x_wconf 84' lang='lat' dir='ltr'><em>(Tert.</em></span> <span class='ocrx_word' id='word_1_73' title='bbox 828 1104 900 1167; x_wconf 85' lang='lat' dir='ltr'><em>idol.</em></span> <span class='ocrx_word' id='word_1_74' title='bbox 925 1105 980 1166; x_wconf 89' lang='lat' dir='ltr'>Il:</span> <span class='ocrx_word' id='word_1_75' title='bbox 1008 1103 1159 1183; x_wconf 80' lang='lat' dir='ltr'><em>praviora</em></span> <span class='ocrx_word' id='word_1_76' title='bbox 1181 1103 1294 1166; x_wconf 81' lang='lat' dir='ltr'><em>delicta</em></span> <span class='ocrx_word' id='word_1_77' title='bbox 1316 1122 1465 1184; x_wconf 89' lang='lat' dir='ltr'><em>quaeque.</em></span> 
     </span>
     <span class='ocr_line' id='line_1_10' title="bbox 241 1204 1465 1288; baseline -0.006 -14"><span class='ocrx_word' id='word_1_78' title='bbox 241 1211 324 1274; x_wconf 86' lang='lat' dir='ltr'><em>Viot.</em></span> <span class='ocrx_word' id='word_1_79' title='bbox 348 1209 434 1273; x_wconf 81' lang='lat' dir='ltr'><em>Caes.</em></span> <span class='ocrx_word' id='word_1_80' title='bbox 457 1209 503 1272; x_wconf 90' lang='lat' dir='ltr'>IX</span> <span class='ocrx_word' id='word_1_81' title='bbox 526 1210 561 1271; x_wconf 86' lang='lat'><em>9:</em></span> <span class='ocrx_word' id='word_1_82' title='bbox 595 1204 773 1288; x_wconf 87' lang='lat' dir='ltr'><em>probrosior</em></span> <span class='ocrx_word' id='word_1_83' title='bbox 795 1204 935 1284; x_wconf 87' lang='lat' dir='ltr'><em>quisque.</em></span> <span class='ocrx_word' id='word_1_84' title='bbox 982 1206 1057 1286; x_wconf 85' lang='lat' dir='ltr'><em>Veg.</em></span> <span class='ocrx_word' id='word_1_85' title='bbox 1081 1207 1145 1270; x_wconf 87' lang='lat' dir='ltr'><em>mil.</em></span> <span class='ocrx_word' id='word_1_86' title='bbox 1168 1208 1183 1270; x_wconf 94' lang='lat' dir='ltr'>I</span> <span class='ocrx_word' id='word_1_87' title='bbox 1207 1206 1242 1269; x_wconf 91' lang='lat'><em>7:</em></span> <span class='ocrx_word' id='word_1_88' title='bbox 1275 1205 1465 1269; x_wconf 88' lang='lat' dir='ltr'><em>bouestiores</em></span> 
     </span>
     <span class='ocr_line' id='line_1_11' title="bbox 241 1307 1464 1393; baseline -0.002 -21"><span class='ocrx_word' id='word_1_89' title='bbox 241 1312 364 1392; x_wconf 90' lang='lat' dir='ltr'><em>quique.</em></span> <span class='ocrx_word' id='word_1_90' title='bbox 409 1312 493 1375; x_wconf 87' lang='lat' dir='ltr'><em>Hier.</em></span> <span class='ocrx_word' id='word_1_91' title='bbox 516 1313 547 1374; x_wconf 91' lang='lat' dir='ltr'><em>iu</em></span> <span class='ocrx_word' id='word_1_92' title='bbox 573 1310 675 1374; x_wconf 82' lang='lat' dir='ltr'><strong>Galat.</strong></span> <span class='ocrx_word' id='word_1_93' title='bbox 698 1308 746 1372; x_wconf 92' lang='lat' dir='ltr'><em>III</em></span> <span class='ocrx_word' id='word_1_94' title='bbox 765 1312 794 1384; x_wconf 84' lang='lat'><em>5,</em></span> <span class='ocrx_word' id='word_1_95' title='bbox 811 1311 849 1372; x_wconf 91' lang='lat'><em>8:</em></span> <span class='ocrx_word' id='word_1_96' title='bbox 872 1307 1076 1390; x_wconf 75' lang='lat' dir='ltr'><em>simpliciores</em></span> <span class='ocrx_word' id='word_1_97' title='bbox 1098 1309 1221 1389; x_wconf 91' lang='lat' dir='ltr'><em>quique.</em></span> <span class='ocrx_word' id='word_1_98' title='bbox 1264 1311 1296 1373; x_wconf 84' lang='grc'><em>16</em></span> <span class='ocrx_word' id='word_1_99' title='bbox 1320 1311 1399 1393; x_wconf 85' lang='lat' dir='ltr'><em>th.</em></span> <span class='ocrx_word' id='word_1_100' title='bbox 1422 1329 1464 1392; x_wconf 88' lang='lat' dir='ltr'><em>pr.</em></span> 
     </span>
     <span class='ocr_line' id='line_1_12' title="bbox 239 1410 1466 1497; baseline -0.002 -21"><span class='ocrx_word' id='word_1_101' title='bbox 239 1413 416 1497; x_wconf 74' lang='lat' dir='ltr'><em>imperitior</em></span> <span class='ocrx_word' id='word_1_102' title='bbox 444 1413 584 1493; x_wconf 87' lang='lat' dir='ltr'><em>quisque.</em></span> <span class='ocrx_word' id='word_1_103' title='bbox 639 1413 743 1476; x_wconf 81' lang='lat' dir='ltr'><em>Rufio.</em></span> <span class='ocrx_word' id='word_1_104' title='bbox 779 1410 863 1493; x_wconf 82' lang='lat' dir='ltr'><em>OrIg.</em></span> <span class='ocrx_word' id='word_1_105' title='bbox 894 1413 926 1474; x_wconf 90' lang='lat' dir='ltr'><em>in</em></span> <span class='ocrx_word' id='word_1_106' title='bbox 954 1413 1031 1477; x_wconf 86' lang='lat' dir='ltr'><em>Jesu</em></span> <span class='ocrx_word' id='word_1_107' title='bbox 1065 1412 1152 1477; x_wconf 85' lang='lat' dir='ltr'><em>Nave</em></span> <span class='ocrx_word' id='word_1_108' title='bbox 1183 1433 1227 1496; x_wconf 89' lang='lat' dir='ltr'><em>pr.</em></span> <span class='ocrx_word' id='word_1_109' title='bbox 1259 1411 1466 1494; x_wconf 81' lang='lat' dir='ltr'><em>pauperiores</em></span> 
     </span>
     <span class='ocr_line' id='line_1_13' title="bbox 240 1513 1464 1598; baseline 0 -20"><span class='ocrx_word' id='word_1_110' title='bbox 240 1517 363 1598; x_wconf 87' lang='lat' dir='ltr'><em>quique.</em></span> <span class='ocrx_word' id='word_1_111' title='bbox 399 1518 441 1581; x_wconf 91' lang='lat' dir='ltr'><em>id.</em></span> <span class='ocrx_word' id='word_1_112' title='bbox 458 1516 542 1598; x_wconf 85' lang='lat' dir='ltr'><em>Orig.</em></span> <span class='ocrx_word' id='word_1_113' title='bbox 558 1517 589 1579; x_wconf 91' lang='lat' dir='ltr'><em>in</em></span> <span class='ocrx_word' id='word_1_114' title='bbox 606 1535 710 1597; x_wconf 80' lang='lat' dir='ltr'><em>genos.</em></span> <span class='ocrx_word' id='word_1_115' title='bbox 727 1518 809 1578; x_wconf 90' lang='lat' dir='ltr'><em>hom.</em></span> <span class='ocrx_word' id='word_1_116' title='bbox 827 1516 854 1591; x_wconf 91' lang='lat'><em>7,</em></span> <span class='ocrx_word' id='word_1_117' title='bbox 871 1516 904 1578; x_wconf 90' lang='lat'><em>5:</em></span> <span class='ocrx_word' id='word_1_118' title='bbox 926 1513 1140 1595; x_wconf 83' lang='lat' dir='ltr'><em>profuudiora</em></span> <span class='ocrx_word' id='word_1_119' title='bbox 1155 1534 1303 1595; x_wconf 88' lang='lat' dir='ltr'><em>quaeque.</em></span> <span class='ocrx_word' id='word_1_120' title='bbox 1342 1517 1464 1580; x_wconf 81' lang='lat' dir='ltr'><em>Paulin.</em></span> 
     </span>
     <span class='ocr_line' id='line_1_14' title="bbox 240 1617 1465 1702; baseline -0.002 -17"><span class='ocrx_word' id='word_1_121' title='bbox 240 1622 349 1685; x_wconf 89' lang='lat' dir='ltr'><em>bened.</em></span> <span class='ocrx_word' id='word_1_122' title='bbox 373 1623 402 1697; x_wconf 88' lang='lat'><em>5,</em></span> <span class='ocrx_word' id='word_1_123' title='bbox 427 1621 464 1683; x_wconf 85' lang='lat'><em>1:</em></span> <span class='ocrx_word' id='word_1_124' title='bbox 487 1617 656 1696; x_wconf 76' lang='lat' dir='ltr'><em>inferiores</em></span> <span class='ocrx_word' id='word_1_125' title='bbox 678 1636 813 1698; x_wconf 89' lang='lat' dir='ltr'><em>quosque</em></span> <span class='ocrx_word' id='word_1_126' title='bbox 836 1622 910 1683; x_wconf 86' lang='lat' dir='ltr'><em>oett.</em></span> <span class='ocrx_word' id='word_1_127' title='bbox 933 1618 988 1681; x_wconf 85' lang='lat' dir='ltr'><em>cfr.</em></span> <span class='ocrx_word' id='word_1_128' title='bbox 1014 1618 1125 1682; x_wconf 86' lang='lat' dir='ltr'><em>Gblzer</em></span> <span class='ocrx_word' id='word_1_129' title='bbox 1153 1639 1181 1702; x_wconf 91' lang='lat' dir='ltr'><em>p.</em></span> <span class='ocrx_word' id='word_1_130' title='bbox 1204 1620 1276 1683; x_wconf 86' lang='lat'><em>411.</em></span> <span class='ocrx_word' id='word_1_131' title='bbox 1321 1619 1465 1682; x_wconf 86' lang='lat' dir='ltr'><em>WbIffIiu</em></span> 
     </span>
     <span class='ocr_line' id='line_1_15' title="bbox 239 1721 721 1807; baseline -0.01 -19"><span class='ocrx_word' id='word_1_132' title='bbox 239 1746 268 1807; x_wconf 91' lang='lat' dir='ltr'><em>p.</em></span> <span class='ocrx_word' id='word_1_133' title='bbox 293 1726 332 1788; x_wconf 84' lang='lat'><em>79</em></span> <span class='ocrx_word' id='word_1_134' title='bbox 357 1743 423 1804; x_wconf 90' lang='lat' dir='ltr'><em>sqq.</em></span> <span class='ocrx_word' id='word_1_135' title='bbox 468 1724 608 1803; x_wconf 80' lang='lat' dir='ltr'><em>Draeger</em></span> <span class='ocrx_word' id='word_1_136' title='bbox 631 1723 652 1784; x_wconf 91' lang='lat' dir='ltr'><em>I.</em></span> <span class='ocrx_word' id='word_1_137' title='bbox 675 1721 721 1800; x_wconf 89' lang='grc'>6.).</span> 
     </span>
    </p>

    <p class='ocr_par' dir='ltr' id='par_1_3' title="bbox 238 1820 1467 2318">
     <span class='ocr_line' id='line_1_16' title="bbox 326 1820 1466 1908; baseline 0 -20"><span class='ocrx_word' id='word_1_138' title='bbox 326 1825 434 1890; x_wconf 87' lang='lat' dir='ltr'><em>Idem</em></span> <span class='ocrx_word' id='word_1_139' title='bbox 456 1844 512 1908; x_wconf 89' lang='lat' dir='ltr'><em>pro</em></span> <span class='ocrx_word' id='word_1_140' title='bbox 535 1824 602 1906; x_wconf 89' lang='lat' dir='ltr'><em>ipse</em></span> <span class='ocrx_word' id='word_1_141' title='bbox 624 1822 654 1887; x_wconf 91' lang='lat' dir='ltr'>V</span> <span class='ocrx_word' id='word_1_142' title='bbox 678 1826 705 1901; x_wconf 89' lang='lat'><em>7,</em></span> <span class='ocrx_word' id='word_1_143' title='bbox 730 1823 764 1887; x_wconf 88' lang='lat'><em>1:</em></span> <span class='ocrx_word' id='word_1_144' title='bbox 787 1826 824 1884; x_wconf 96' lang='lat' dir='ltr'><em>ut</em></span> <span class='ocrx_word' id='word_1_145' title='bbox 845 1820 928 1885; x_wconf 83' lang='lat' dir='ltr'><em>idem</em></span> <span class='ocrx_word' id='word_1_146' title='bbox 950 1842 1054 1886; x_wconf 87' lang='lat' dir='ltr'><em>eoram</em></span> <span class='ocrx_word' id='word_1_147' title='bbox 1073 1823 1197 1903; x_wconf 89' lang='lat' dir='ltr'><em>pas-itus</em></span> <span class='ocrx_word' id='word_1_148' title='bbox 1218 1823 1341 1887; x_wconf 86' lang='lat' dir='ltr'><em>audisti</em></span> <span class='ocrx_word' id='word_1_149' title='bbox 1364 1830 1397 1892; x_wconf 85' lang='lat' dir='ltr'><em>et</em></span> <span class='ocrx_word' id='word_1_150' title='bbox 1419 1824 1466 1889; x_wconf 92' lang='lat' dir='ltr'>VI</span> 
     </span>
     <span class='ocr_line' id='line_1_17' title="bbox 242 1925 1465 2008; baseline 0 -16"><span class='ocrx_word' id='word_1_151' title='bbox 242 1932 269 2006; x_wconf 93' lang='lat'><em>1,</em></span> <span class='ocrx_word' id='word_1_152' title='bbox 286 1932 320 1992; x_wconf 88' lang='lat'><em>5:</em></span> <span class='ocrx_word' id='word_1_153' title='bbox 343 1928 387 1990; x_wconf 88' lang='grc'><em>661</em></span> <span class='ocrx_word' id='word_1_154' title='bbox 408 1947 476 1990; x_wconf 88' lang='grc'><em>666</em></span> <span class='ocrx_word' id='word_1_155' title='bbox 498 1927 565 2008; x_wconf 91' lang='lat' dir='ltr'><em>ipse</em></span> <span class='ocrx_word' id='word_1_156' title='bbox 587 1927 681 1989; x_wconf 87' lang='lat' dir='ltr'><em>rerba</em></span> <span class='ocrx_word' id='word_1_157' title='bbox 703 1925 902 2001; x_wconf 82' lang='lat' dir='ltr'><em>damuabitis,</em></span> <span class='ocrx_word' id='word_1_158' title='bbox 923 1945 991 1988; x_wconf 76' lang='lat' dir='ltr'><em>auur</em></span> <span class='ocrx_word' id='word_1_159' title='bbox 1007 1946 1071 1989; x_wconf 89' lang='lat' dir='ltr'><em>uau</em></span> <span class='ocrx_word' id='word_1_160' title='bbox 1085 1925 1233 2008; x_wconf 88' lang='lat' dir='ltr'><em>impleam</em></span> <span class='ocrx_word' id='word_1_161' title='bbox 1251 1947 1333 2007; x_wconf 91' lang='lat' dir='ltr'><em>quae</em></span> <span class='ocrx_word' id='word_1_162' title='bbox 1349 1949 1465 2004; x_wconf 86' lang='lat' dir='ltr'><em>mauea,</em></span> 
     </span>
     <span class='ocr_line' id='line_1_18' title="bbox 239 2028 1466 2116; baseline 0.002 -23"><span class='ocrx_word' id='word_1_163' title='bbox 239 2031 321 2093; x_wconf 83' lang='lat' dir='ltr'><em>idem</em></span> <span class='ocrx_word' id='word_1_164' title='bbox 340 2031 376 2093; x_wconf 89' lang='lat' dir='ltr'><em>iu</em></span> <span class='ocrx_word' id='word_1_165' title='bbox 397 2050 445 2093; x_wconf 92' lang='lat' dir='ltr'><em>me</em></span> <span class='ocrx_word' id='word_1_166' title='bbox 467 2049 565 2092; x_wconf 93' lang='lat' dir='ltr'><em>meam</em></span> <span class='ocrx_word' id='word_1_167' title='bbox 588 2029 698 2092; x_wconf 85' lang='lat' dir='ltr'><em>cotidie</em></span> <span class='ocrx_word' id='word_1_168' title='bbox 720 2047 809 2109; x_wconf 85' lang='lat' dir='ltr'><em>coqor</em></span> <span class='ocrx_word' id='word_1_169' title='bbox 831 2029 950 2091; x_wconf 79' lang='lat' dir='ltr'><em>etictare</em></span> <span class='ocrx_word' id='word_1_170' title='bbox 972 2028 1160 2091; x_wconf 90' lang='lat' dir='ltr'><em>seuteutiam</em></span> <span class='ocrx_word' id='word_1_171' title='bbox 1182 2050 1219 2095; x_wconf 85' lang='lat' dir='ltr'><em>ao</em></span> <span class='ocrx_word' id='word_1_172' title='bbox 1241 2051 1349 2097; x_wconf 89' lang='lat' dir='ltr'><em>rursus</em></span> <span class='ocrx_word' id='word_1_173' title='bbox 1373 2035 1466 2116; x_wconf 88' lang='lat' dir='ltr'><em>ipse</em></span> 
     </span>
     <span class='ocr_line' id='line_1_19' title="bbox 239 2131 1466 2217; baseline 0 -18"><span class='ocrx_word' id='word_1_174' title='bbox 239 2155 296 2217; x_wconf 87' lang='lat' dir='ltr'><em>pro</em></span> <span class='ocrx_word' id='word_1_175' title='bbox 318 2134 400 2195; x_wconf 83' lang='lat' dir='ltr'><em>idem</em></span> <span class='ocrx_word' id='word_1_176' title='bbox 424 2134 449 2197; x_wconf 95' lang='lat' dir='ltr'>V</span> <span class='ocrx_word' id='word_1_177' title='bbox 467 2135 515 2210; x_wconf 85' lang='lat'><em>17,</em></span> <span class='ocrx_word' id='word_1_178' title='bbox 537 2134 572 2196; x_wconf 90' lang='lat'><em>1:</em></span> <span class='ocrx_word' id='word_1_179' title='bbox 596 2152 636 2209; x_wconf 90' lang='lat' dir='ltr'><em>es,</em></span> <span class='ocrx_word' id='word_1_180' title='bbox 659 2131 779 2211; x_wconf 79' lang='lat' dir='ltr'><em>Eriphi</em></span> <span class='ocrx_word' id='word_1_181' title='bbox 800 2151 895 2207; x_wconf 87' lang='lat' dir='ltr'><em>meus,</em></span> <span class='ocrx_word' id='word_1_182' title='bbox 918 2131 984 2210; x_wconf 88' lang='lat' dir='ltr'><em>ipse</em></span> <span class='ocrx_word' id='word_1_183' title='bbox 1006 2131 1062 2212; x_wconf 88' lang='lat' dir='ltr'><em>qui</em></span> <span class='ocrx_word' id='word_1_184' title='bbox 1084 2152 1204 2212; x_wconf 89' lang='lat' dir='ltr'><em>semper</em></span> <span class='ocrx_word' id='word_1_185' title='bbox 1227 2138 1259 2198; x_wconf 91' lang='lat' dir='ltr'><em>et</em></span> <span class='ocrx_word' id='word_1_186' title='bbox 1282 2132 1365 2198; x_wconf 87' lang='lat' dir='ltr'>VIII</span> <span class='ocrx_word' id='word_1_187' title='bbox 1388 2139 1416 2213; x_wconf 91' lang='grc'><em>6,</em></span> <span class='ocrx_word' id='word_1_188' title='bbox 1434 2135 1466 2199; x_wconf 90' lang='grc'><em>7;</em></span> 
     </span>
     <span class='ocr_line' id='line_1_20' title="bbox 238 2233 1467 2318; baseline 0.002 -20"><span class='ocrx_word' id='word_1_189' title='bbox 238 2236 417 2318; x_wconf 88' lang='lat' dir='ltr'><em>peripsum</em></span> <span class='ocrx_word' id='word_1_190' title='bbox 438 2235 506 2314; x_wconf 79' lang='lat' dir='ltr'><em>fere</em></span> <span class='ocrx_word' id='word_1_191' title='bbox 529 2239 657 2316; x_wconf 91' lang='lat' dir='ltr'><em>tempus.</em></span> <span class='ocrx_word' id='word_1_192' title='bbox 702 2233 761 2296; x_wconf 88' lang='lat' dir='ltr'><em>bie</em></span> <span class='ocrx_word' id='word_1_193' title='bbox 781 2235 848 2314; x_wconf 92' lang='lat' dir='ltr'><em>ipse</em></span> <span class='ocrx_word' id='word_1_194' title='bbox 870 2237 920 2298; x_wconf 88' lang='lat' dir='ltr'><em>vel</em></span> <span class='ocrx_word' id='word_1_195' title='bbox 941 2234 954 2295; x_wconf 88' lang='lat' dir='ltr'><em>i</em></span> <span class='ocrx_word' id='word_1_196' title='bbox 961 2254 976 2296; x_wconf 95' lang='lat' dir='ltr'><em>s</em></span> <span class='ocrx_word' id='word_1_197' title='bbox 998 2233 1065 2312; x_wconf 89' lang='lat' dir='ltr'><em>ipse</em></span> <span class='ocrx_word' id='word_1_198' title='bbox 1089 2257 1143 2318; x_wconf 87' lang='lat' dir='ltr'><em>pro</em></span> <span class='ocrx_word' id='word_1_199' title='bbox 1166 2238 1184 2300; x_wconf 85' lang='grc' dir='ltr'>ὁ</span> <span class='ocrx_word' id='word_1_200' title='bbox 1207 2237 1303 2307; x_wconf 81' lang='grc' dir='ltr'><em>αὐτὸς</em></span> <span class='ocrx_word' id='word_1_201' title='bbox 1324 2239 1366 2302; x_wconf 97' lang='lat' dir='ltr'>IV</span> <span class='ocrx_word' id='word_1_202' title='bbox 1385 2240 1413 2316; x_wconf 87' lang='lat'><em>7,</em></span> <span class='ocrx_word' id='word_1_203' title='bbox 1432 2241 1467 2303; x_wconf 87' lang='lat'><em>1:</em></span> 
     </span>
    </p>
   </div>
   <div class='ocr_carea' id='block_1_3' title="bbox 149 2336 1467 2420">
    <p class='ocr_par' dir='ltr' id='par_1_4' title="bbox 149 2336 1467 2420">
     <span class='ocr_line' id='line_1_21' title="bbox 149 2336 1467 2420; baseline 0.005 -21"><span class='ocrx_word' id='word_1_204' title='bbox 149 2339 152 2346; x_wconf 79' lang='grc'><strong>’</strong></span> <span class='ocrx_word' id='word_1_205' title='bbox 239 2337 290 2400; x_wconf 85' lang='lat' dir='ltr'><em>bic</em></span> <span class='ocrx_word' id='word_1_206' title='bbox 307 2338 374 2420; x_wconf 90' lang='lat' dir='ltr'><em>ipse</em></span> <span class='ocrx_word' id='word_1_207' title='bbox 395 2337 577 2416; x_wconf 81' lang='lat' dir='ltr'><em>beuefieium</em></span> <span class='ocrx_word' id='word_1_208' title='bbox 599 2358 631 2400; x_wconf 88' lang='lat' dir='ltr'><em>se</em></span> <span class='ocrx_word' id='word_1_209' title='bbox 653 2341 811 2418; x_wconf 86' lang='lat' dir='ltr'><em>computat</em></span> <span class='ocrx_word' id='word_1_210' title='bbox 838 2336 989 2400; x_wconf 89' lang='lat' dir='ltr'><em>meruisse</em></span> <span class='ocrx_word' id='word_1_211' title='bbox 1011 2337 1067 2416; x_wconf 92' lang='lat' dir='ltr'><em>qui</em></span> <span class='ocrx_word' id='word_1_212' title='bbox 1088 2338 1262 2416; x_wconf 86' lang='lat' dir='ltr'><em>praestr&#39;tit.</em></span> <span class='ocrx_word' id='word_1_213' title='bbox 1306 2341 1352 2404; x_wconf 87' lang='lat' dir='ltr'>IX</span> <span class='ocrx_word' id='word_1_214' title='bbox 1374 2344 1403 2412; x_wconf 83' lang='lat'><em>9.</em></span> <span class='ocrx_word' id='word_1_215' title='bbox 1427 2344 1467 2406; x_wconf 83' lang='lat'><em>6:</em></span> 
     </span>
    </p>
   </div>
   <div class='ocr_carea' id='block_1_4' title="bbox 239 2439 1471 2626">
    <p class='ocr_par' dir='ltr' id='par_1_5' title="bbox 239 2439 1471 2626">
     <span class='ocr_line' id='line_1_22' title="bbox 239 2439 1468 2523; baseline 0.004 -21"><span class='ocrx_word' id='word_1_216' title='bbox 239 2439 289 2503; x_wconf 89' lang='lat' dir='ltr'><em>bie</em></span> <span class='ocrx_word' id='word_1_217' title='bbox 310 2440 377 2519; x_wconf 89' lang='lat' dir='ltr'><em>ipse</em></span> <span class='ocrx_word' id='word_1_218' title='bbox 399 2440 588 2504; x_wconf 83' lang='lat' dir='ltr'><em>reuerabilis</em></span> <span class='ocrx_word' id='word_1_219' title='bbox 608 2442 697 2523; x_wconf 87' lang='lat' dir='ltr'><em>apud</em></span> <span class='ocrx_word' id='word_1_220' title='bbox 716 2441 866 2523; x_wconf 86' lang='lat' dir='ltr'><em>oppidum</em></span> <span class='ocrx_word' id='word_1_221' title='bbox 884 2443 1027 2504; x_wconf 86' lang='lat' dir='ltr'><em>uestrum</em></span> <span class='ocrx_word' id='word_1_222' title='bbox 1049 2459 1119 2501; x_wconf 91' lang='lat' dir='ltr'><em>eum</em></span> <span class='ocrx_word' id='word_1_223' title='bbox 1139 2444 1325 2504; x_wconf 88' lang='lat' dir='ltr'><em>moraretur.</em></span> <span class='ocrx_word' id='word_1_224' title='bbox 1367 2441 1414 2506; x_wconf 90' lang='lat' dir='ltr'>IX</span> <span class='ocrx_word' id='word_1_225' title='bbox 1441 2443 1468 2522; x_wconf 87' lang='lat'><em>1,</em></span> 
     </span>
     <span class='ocr_line' id='line_1_23' title="bbox 241 2541 1471 2626; baseline 0.002 -19"><span class='ocrx_word' id='word_1_226' title='bbox 241 2547 282 2609; x_wconf 79' lang='lat'><em>2:</em></span> <span class='ocrx_word' id='word_1_227' title='bbox 306 2543 361 2606; x_wconf 86' lang='lat' dir='ltr'><em>boo</em></span> <span class='ocrx_word' id='word_1_228' title='bbox 379 2543 484 2626; x_wconf 88' lang='lat' dir='ltr'><em>ipsum</em></span> <span class='ocrx_word' id='word_1_229' title='bbox 505 2544 593 2624; x_wconf 83' lang='lat' dir='ltr'><em>quod.</em></span> <span class='ocrx_word' id='word_1_230' title='bbox 638 2544 684 2609; x_wconf 93' lang='lat' dir='ltr'>VI</span> <span class='ocrx_word' id='word_1_231' title='bbox 709 2547 736 2621; x_wconf 90' lang='lat'><em>8,</em></span> <span class='ocrx_word' id='word_1_232' title='bbox 761 2543 796 2607; x_wconf 87' lang='lat'><em>1:</em></span> <span class='ocrx_word' id='word_1_233' title='bbox 831 2543 901 2606; x_wconf 76' lang='lat' dir='ltr'><em>«ob»</em></span> <span class='ocrx_word' id='word_1_234' title='bbox 927 2541 981 2605; x_wconf 85' lang='grc'><em>166</em></span> <span class='ocrx_word' id='word_1_235' title='bbox 1010 2542 1115 2620; x_wconf 88' lang='lat' dir='ltr'><em>ipsum</em></span> <span class='ocrx_word' id='word_1_236' title='bbox 1136 2543 1226 2623; x_wconf 86' lang='lat' dir='ltr'><em>quod.</em></span> <span class='ocrx_word' id='word_1_237' title='bbox 1273 2544 1315 2608; x_wconf 92' lang='lat' dir='ltr'>IV</span> <span class='ocrx_word' id='word_1_238' title='bbox 1339 2547 1368 2622; x_wconf 89' lang='lat'><em>8,</em></span> <span class='ocrx_word' id='word_1_239' title='bbox 1393 2549 1412 2609; x_wconf 88' lang='lat'><strong>3</strong></span> <span class='ocrx_word' id='word_1_240' title='bbox 1437 2551 1471 2610; x_wconf 89' lang='lat' dir='ltr'><em>et</em></span> 
     </span>
    </p>
   </div>
   <div class='ocr_carea' id='block_1_5' title="bbox 136 2643 1470 2736">
    <p class='ocr_par' dir='ltr' id='par_1_6' title="bbox 136 2643 1470 2736">
     <span class='ocr_line' id='line_1_24' title="bbox 136 2643 1470 2736; baseline 0.001 -28"><span class='ocrx_word' id='word_1_241' title='bbox 136 2733 139 2736; x_wconf 6' lang='grc' dir='ltr'><strong><em>ἡ</em></strong></span> <span class='ocrx_word' id='word_1_242' title='bbox 241 2645 285 2709; x_wconf 94' lang='lat' dir='ltr'>IV</span> <span class='ocrx_word' id='word_1_243' title='bbox 309 2647 358 2724; x_wconf 81' lang='lat'><em>24,</em></span> <span class='ocrx_word' id='word_1_244' title='bbox 381 2649 417 2709; x_wconf 81' lang='lat'><em>2:</em></span> <span class='ocrx_word' id='word_1_245' title='bbox 441 2645 476 2708; x_wconf 93' lang='lat' dir='ltr'><em>ob</em></span> <span class='ocrx_word' id='word_1_246' title='bbox 498 2646 552 2709; x_wconf 87' lang='lat' dir='ltr'><em>boe</em></span> <span class='ocrx_word' id='word_1_247' title='bbox 574 2647 686 2728; x_wconf 86' lang='lat' dir='ltr'><em>ipsum.</em></span> <span class='ocrx_word' id='word_1_248' title='bbox 724 2643 1096 2726; x_wconf 82' lang='lat' dir='ltr'><em>V1,I:eaboaips0.</em></span> <span class='ocrx_word' id='word_1_249' title='bbox 1130 2645 1175 2708; x_wconf 95' lang='lat' dir='ltr'>IV</span> <span class='ocrx_word' id='word_1_250' title='bbox 1191 2647 1218 2723; x_wconf 92' lang='lat'><em>7,</em></span> <span class='ocrx_word' id='word_1_251' title='bbox 1240 2647 1273 2709; x_wconf 90' lang='lat'><em>1:</em></span> <span class='ocrx_word' id='word_1_252' title='bbox 1297 2645 1333 2708; x_wconf 84' lang='lat' dir='ltr'><em>id</em></span> <span class='ocrx_word' id='word_1_253' title='bbox 1352 2646 1470 2728; x_wconf 88' lang='lat' dir='ltr'><em>ipsum,</em></span> 
     </span>
    </p>
   </div>
   <div class='ocr_carea' id='block_1_6' title="bbox 205 2750 1477 4368">
    <p class='ocr_par' dir='ltr' id='par_1_7' title="bbox 236 2750 1473 3446">
     <span class='ocr_line' id='line_1_25' title="bbox 240 2750 1470 2832; baseline 0.001 -18"><span class='ocrx_word' id='word_1_254' title='bbox 240 2751 373 2830; x_wconf 87' lang='lat' dir='ltr'><em>denique</em></span> <span class='ocrx_word' id='word_1_255' title='bbox 397 2750 502 2813; x_wconf 89' lang='lat' dir='ltr'><em>idem</em></span> <span class='ocrx_word' id='word_1_256' title='bbox 526 2751 667 2832; x_wconf 79' lang='lat' dir='ltr'><em>etipse</em></span> <span class='ocrx_word' id='word_1_257' title='bbox 694 2771 748 2832; x_wconf 90' lang='lat' dir='ltr'><em>pro</em></span> <span class='ocrx_word' id='word_1_258' title='bbox 772 2751 908 2832; x_wconf 87' lang='lat' dir='ltr'><em>simplici</em></span> <span class='ocrx_word' id='word_1_259' title='bbox 930 2769 1071 2831; x_wconf 89' lang='lat' dir='ltr'><em>pronom.</em></span> <span class='ocrx_word' id='word_1_260' title='bbox 1096 2750 1264 2813; x_wconf 76' lang='lat' dir='ltr'><em>demonstr.</em></span> <span class='ocrx_word' id='word_1_261' title='bbox 1310 2750 1353 2813; x_wconf 93' lang='lat' dir='ltr'>IV</span> <span class='ocrx_word' id='word_1_262' title='bbox 1378 2753 1407 2828; x_wconf 92' lang='grc'><em>6,</em></span> <span class='ocrx_word' id='word_1_263' title='bbox 1433 2752 1470 2815; x_wconf 85' lang='grc'><em>2;</em></span> 
     </span>
     <span class='ocr_line' id='line_1_26' title="bbox 241 2850 1471 2933; baseline 0.006 -21"><span class='ocrx_word' id='word_1_264' title='bbox 241 2851 277 2913; x_wconf 91' lang='grc'><em>16</em></span> <span class='ocrx_word' id='word_1_265' title='bbox 301 2850 477 2933; x_wconf 76' lang='lat' dir='ltr'><em>pectoribus</em></span> <span class='ocrx_word' id='word_1_266' title='bbox 502 2852 681 2912; x_wconf 82' lang='lat' dir='ltr'><em>earumdem.</em></span> <span class='ocrx_word' id='word_1_267' title='bbox 717 2852 778 2915; x_wconf 91' lang='lat' dir='ltr'><em>VII</em></span> <span class='ocrx_word' id='word_1_268' title='bbox 802 2855 829 2927; x_wconf 77' lang='lat'><em>8,</em></span> <span class='ocrx_word' id='word_1_269' title='bbox 853 2854 887 2914; x_wconf 91' lang='lat'><em>5:</em></span> <span class='ocrx_word' id='word_1_270' title='bbox 918 2850 1035 2913; x_wconf 85' lang='lat' dir='ltr'><em>eosdem</em></span> <span class='ocrx_word' id='word_1_271' title='bbox 1124 2850 1247 2914; x_wconf 82' lang='lat' dir='ltr'><em>locutos.</em></span> <span class='ocrx_word' id='word_1_272' title='bbox 1290 2851 1337 2915; x_wconf 90' lang='lat' dir='ltr'>IV</span> <span class='ocrx_word' id='word_1_273' title='bbox 1363 2852 1413 2930; x_wconf 83' lang='lat'><em>12,</em></span> <span class='ocrx_word' id='word_1_274' title='bbox 1435 2858 1471 2919; x_wconf 89' lang='lat'><em>4:</em></span> 
     </span>
     <span class='ocr_line' id='line_1_27' title="bbox 236 2952 1472 3034; baseline 0.003 -20"><span class='ocrx_word' id='word_1_275' title='bbox 236 2957 402 3032; x_wconf 86' lang='lat' dir='ltr'><em>permutor</em></span> <span class='ocrx_word' id='word_1_276' title='bbox 436 2953 609 3015; x_wconf 83' lang='lat' dir='ltr'><em>adurissum</em></span> <span class='ocrx_word' id='word_1_277' title='bbox 653 2973 730 3016; x_wconf 81' lang='lat' dir='ltr'><em>rcum</em></span> <span class='ocrx_word' id='word_1_278' title='bbox 764 2953 853 3016; x_wconf 90' lang='lat' dir='ltr'><em>uerba</em></span> <span class='ocrx_word' id='word_1_279' title='bbox 892 2952 1056 3034; x_wconf 83' lang='lat' dir='ltr'><em>quippiam</em></span> <span class='ocrx_word' id='word_1_280' title='bbox 1090 2956 1257 3034; x_wconf 91' lang='lat' dir='ltr'><em>praeterea</em></span> <span class='ocrx_word' id='word_1_281' title='bbox 1295 2953 1472 3018; x_wconf 81' lang='lat' dir='ltr'><em>detulisset.</em></span> 
     </span>
     <span class='ocr_line' id='line_1_28' title="bbox 239 3053 1473 3138; baseline 0.005 -21"><span class='ocrx_word' id='word_1_282' title='bbox 239 3054 401 3136; x_wconf 81' lang='lat' dir='ltr'><em>respoudit</em></span> <span class='ocrx_word' id='word_1_283' title='bbox 426 3055 500 3136; x_wconf 92' lang='lat' dir='ltr'><em>ipse.</em></span> <span class='ocrx_word' id='word_1_284' title='bbox 550 3055 598 3119; x_wconf 92' lang='lat' dir='ltr'>IV</span> <span class='ocrx_word' id='word_1_285' title='bbox 623 3057 671 3133; x_wconf 87' lang='lat'><em>13,</em></span> <span class='ocrx_word' id='word_1_286' title='bbox 697 3059 730 3119; x_wconf 93' lang='lat' dir='ltr'><em>l:</em></span> <span class='ocrx_word' id='word_1_287' title='bbox 761 3059 807 3117; x_wconf 89' lang='lat' dir='ltr'><em>est</em></span> <span class='ocrx_word' id='word_1_288' title='bbox 828 3055 894 3137; x_wconf 92' lang='lat' dir='ltr'><em>ipse</em></span> <span class='ocrx_word' id='word_1_289' title='bbox 916 3053 979 3117; x_wconf 87' lang='grc'>1666</span> <span class='ocrx_word' id='word_1_290' title='bbox 1001 3055 1133 3118; x_wconf 88' lang='lat' dir='ltr'><em>sitarum</em></span> <span class='ocrx_word' id='word_1_291' title='bbox 1155 3055 1251 3135; x_wconf 77' lang='lat' dir='ltr'><em>jacite</em></span> <span class='ocrx_word' id='word_1_292' title='bbox 1274 3056 1408 3138; x_wconf 83' lang='lat' dir='ltr'><em>primus.</em></span> <span class='ocrx_word' id='word_1_293' title='bbox 1458 3062 1473 3124; x_wconf 92' lang='lat' dir='ltr'>I</span> 
     </span>
     <span class='ocr_line' id='line_1_29' title="bbox 241 3157 1473 3240; baseline 0.003 -20"><span class='ocrx_word' id='word_1_294' title='bbox 241 3158 269 3233; x_wconf 92' lang='lat'><em>7,</em></span> <span class='ocrx_word' id='word_1_295' title='bbox 301 3161 336 3222; x_wconf 85' lang='lat'><em>6:</em></span> <span class='ocrx_word' id='word_1_296' title='bbox 367 3158 452 3220; x_wconf 90' lang='lat' dir='ltr'><em>iuter</em></span> <span class='ocrx_word' id='word_1_297' title='bbox 477 3157 580 3239; x_wconf 86' lang='lat' dir='ltr'><em>ipsius</em></span> <span class='ocrx_word' id='word_1_298' title='bbox 602 3158 745 3220; x_wconf 79' lang='lat' dir='ltr'><em>adversa.</em></span> <span class='ocrx_word' id='word_1_299' title='bbox 790 3159 863 3222; x_wconf 81' lang='lat' dir='ltr'><em>ibId.</em></span> <span class='ocrx_word' id='word_1_300' title='bbox 887 3160 905 3240; x_wconf 64' lang='grc' dir='ltr'><strong><em>ξ</em></strong></span> <span class='ocrx_word' id='word_1_301' title='bbox 931 3162 964 3222; x_wconf 90' lang='lat' dir='ltr'><em>l:</em></span> <span class='ocrx_word' id='word_1_302' title='bbox 993 3161 1122 3240; x_wconf 87' lang='lat' dir='ltr'><em>propter</em></span> <span class='ocrx_word' id='word_1_303' title='bbox 1143 3158 1247 3240; x_wconf 90' lang='lat' dir='ltr'><em>ipsum</em></span> <span class='ocrx_word' id='word_1_304' title='bbox 1264 3178 1368 3240; x_wconf 90' lang='lat' dir='ltr'><em>uuper</em></span> <span class='ocrx_word' id='word_1_305' title='bbox 1389 3160 1473 3225; x_wconf 90' lang='lat' dir='ltr'><em>mibi</em></span> 
     </span>
     <span class='ocr_line' id='line_1_30' title="bbox 241 3259 1473 3342; baseline 0.006 -21"><span class='ocrx_word' id='word_1_306' title='bbox 241 3259 365 3322; x_wconf 83' lang='lat' dir='ltr'><em>iuaidia</em></span> <span class='ocrx_word' id='word_1_307' title='bbox 380 3259 525 3338; x_wconf 78' lang='lat' dir='ltr'><em>eousbata.</em></span> <span class='ocrx_word' id='word_1_308' title='bbox 557 3262 617 3325; x_wconf 93' lang='lat' dir='ltr'><em>VII</em></span> <span class='ocrx_word' id='word_1_309' title='bbox 633 3265 661 3337; x_wconf 83' lang='lat'><em>9,</em></span> <span class='ocrx_word' id='word_1_310' title='bbox 678 3264 734 3325; x_wconf 80' lang='lat'><em>18:</em></span> <span class='ocrx_word' id='word_1_311' title='bbox 759 3260 787 3322; x_wconf 87' lang='lat' dir='ltr'><em>si</em></span> <span class='ocrx_word' id='word_1_312' title='bbox 800 3280 902 3322; x_wconf 90' lang='lat' dir='ltr'><em>auuos</em></span> <span class='ocrx_word' id='word_1_313' title='bbox 917 3260 1019 3342; x_wconf 88' lang='lat' dir='ltr'><em>ipsius</em></span> <span class='ocrx_word' id='word_1_314' title='bbox 1034 3264 1242 3342; x_wconf 84' lang='lat' dir='ltr'><em>computemus</em></span> <span class='ocrx_word' id='word_1_315' title='bbox 1260 3262 1473 3340; x_wconf 75' lang='grc'>(6161166666</span> 
     </span>
     <span class='ocr_line' id='line_1_31' title="bbox 240 3362 702 3446; baseline 0.002 -21"><span class='ocrx_word' id='word_1_316' title='bbox 240 3384 269 3445; x_wconf 88' lang='lat' dir='ltr'><em>p.</em></span> <span class='ocrx_word' id='word_1_317' title='bbox 293 3365 355 3425; x_wconf 81' lang='lat'><em>424</em></span> <span class='ocrx_word' id='word_1_318' title='bbox 379 3367 411 3426; x_wconf 89' lang='lat' dir='ltr'><em>et</em></span> <span class='ocrx_word' id='word_1_319' title='bbox 434 3362 702 3446; x_wconf 73' lang='grc'>(1616616466),</span> 
     </span>
    </p>

    <p class='ocr_par' dir='ltr' id='par_1_8' title="bbox 238 3466 1475 4170">
     <span class='ocr_line' id='line_1_32' title="bbox 325 3466 1472 3549; baseline 0.005 -22"><span class='ocrx_word' id='word_1_320' title='bbox 325 3466 567 3530; x_wconf 88' lang='lat' dir='ltr'><em>Huiusmodi</em></span> <span class='ocrx_word' id='word_1_321' title='bbox 597 3469 740 3531; x_wconf 86' lang='lat' dir='ltr'><em>absolute</em></span> <span class='ocrx_word' id='word_1_322' title='bbox 771 3468 908 3549; x_wconf 88' lang='lat' dir='ltr'><em>positum</em></span> <span class='ocrx_word' id='word_1_323' title='bbox 940 3466 1016 3528; x_wconf 90' lang='lat' dir='ltr'>VIII</span> <span class='ocrx_word' id='word_1_324' title='bbox 1045 3467 1094 3543; x_wconf 90' lang='lat' dir='ltr'><em>ll,</em></span> <span class='ocrx_word' id='word_1_325' title='bbox 1125 3468 1181 3530; x_wconf 83' lang='lat'><em>13:</em></span> <span class='ocrx_word' id='word_1_326' title='bbox 1220 3486 1326 3530; x_wconf 85' lang='lat' dir='ltr'><em>uereor</em></span> <span class='ocrx_word' id='word_1_327' title='bbox 1356 3467 1472 3533; x_wconf 88' lang='lat' dir='ltr'><em>buius-</em></span> 
     </span>
     <span class='ocr_line' id='line_1_33' title="bbox 239 3565 1473 3652; baseline 0.006 -24"><span class='ocrx_word' id='word_1_328' title='bbox 239 3565 322 3628; x_wconf 86' lang='lat' dir='ltr'><em>moobi</em></span> <span class='ocrx_word' id='word_1_329' title='bbox 345 3565 403 3647; x_wconf 87' lang='lat' dir='ltr'><em>(so.</em></span> <span class='ocrx_word' id='word_1_330' title='bbox 426 3568 517 3648; x_wconf 84' lang='grc' dir='ltr'><strong><em>ὄντα)</em></strong></span> <span class='ocrx_word' id='word_1_331' title='bbox 540 3588 562 3630; x_wconf 88' lang='grc'><em>6</em></span> <span class='ocrx_word' id='word_1_332' title='bbox 583 3567 751 3631; x_wconf 85' lang='grc'>6611611666</span> <span class='ocrx_word' id='word_1_333' title='bbox 783 3568 860 3648; x_wconf 77' lang='lat' dir='ltr'><em>fidei</em></span> <span class='ocrx_word' id='word_1_334' title='bbox 890 3566 1009 3648; x_wconf 85' lang='lat' dir='ltr'><em>requbis</em></span> <span class='ocrx_word' id='word_1_335' title='bbox 1040 3568 1291 3632; x_wconf 80' lang='lat' dir='ltr'><em>exorbitaturum</em></span> <span class='ocrx_word' id='word_1_336' title='bbox 1320 3574 1350 3645; x_wconf 84' lang='lat' dir='ltr'><em>et</em></span> <span class='ocrx_word' id='word_1_337' title='bbox 1381 3571 1473 3652; x_wconf 72' lang='lat' dir='ltr'><em>effici</em></span> 
     </span>
     <span class='ocr_line' id='line_1_34' title="bbox 240 3668 1472 3756; baseline 0.008 -26"><span class='ocrx_word' id='word_1_338' title='bbox 240 3668 390 3749; x_wconf 83' lang='lat' dir='ltr'><em>diquum:</em></span> <span class='ocrx_word' id='word_1_339' title='bbox 412 3671 466 3752; x_wconf 91' lang='lat' dir='ltr'><em>qui</em></span> <span class='ocrx_word' id='word_1_340' title='bbox 488 3691 564 3735; x_wconf 92' lang='lat' dir='ltr'><em>usus</em></span> <span class='ocrx_word' id='word_1_341' title='bbox 588 3692 660 3736; x_wconf 88' lang='lat' dir='ltr'><em>oum</em></span> <span class='ocrx_word' id='word_1_342' title='bbox 683 3672 958 3752; x_wconf 86' lang='lat' dir='ltr'><em>frequentissimus</em></span> <span class='ocrx_word' id='word_1_343' title='bbox 982 3674 1023 3737; x_wconf 91' lang='lat' dir='ltr'><em>sit</em></span> <span class='ocrx_word' id='word_1_344' title='bbox 1047 3691 1095 3755; x_wconf 86' lang='lat' dir='ltr'><em>ap.</em></span> <span class='ocrx_word' id='word_1_345' title='bbox 1118 3673 1204 3737; x_wconf 86' lang='lat' dir='ltr'><em>Hier.</em></span> <span class='ocrx_word' id='word_1_346' title='bbox 1228 3671 1269 3756; x_wconf 90' lang='lat' dir='ltr'><em>(o.</em></span> <span class='ocrx_word' id='word_1_347' title='bbox 1292 3674 1411 3738; x_wconf 77' lang='grc'>16166.</span> <span class='ocrx_word' id='word_1_348' title='bbox 1434 3679 1472 3741; x_wconf 89' lang='lat'><em>3:</em></span> 
     </span>
     <span class='ocr_line' id='line_1_35' title="bbox 239 3770 1474 3853; baseline 0.008 -21"><span class='ocrx_word' id='word_1_349' title='bbox 239 3770 314 3833; x_wconf 86' lang='grc'>1666</span> <span class='ocrx_word' id='word_1_350' title='bbox 345 3776 374 3833; x_wconf 87' lang='grc'><em>61</em></span> <span class='ocrx_word' id='word_1_351' title='bbox 395 3771 574 3836; x_wconf 79' lang='lat' dir='ltr'><em>huiusmodi</em></span> <span class='ocrx_word' id='word_1_352' title='bbox 597 3773 764 3853; x_wconf 88' lang='lat' dir='ltr'><em>boqueutur</em></span> <span class='ocrx_word' id='word_1_353' title='bbox 786 3773 908 3836; x_wconf 88' lang='lat' dir='ltr'><em>iuiruici</em></span> <span class='ocrx_word' id='word_1_354' title='bbox 930 3774 987 3837; x_wconf 90' lang='lat' dir='ltr'><em>tui.</em></span> <span class='ocrx_word' id='word_1_355' title='bbox 1034 3776 1102 3839; x_wconf 82' lang='lat' dir='ltr'><em>adv.</em></span> <span class='ocrx_word' id='word_1_356' title='bbox 1123 3776 1193 3840; x_wconf 84' lang='lat' dir='ltr'><em>Jov.</em></span> <span class='ocrx_word' id='word_1_357' title='bbox 1217 3774 1235 3839; x_wconf 91' lang='lat' dir='ltr'>I</span> <span class='ocrx_word' id='word_1_358' title='bbox 1257 3777 1317 3840; x_wconf 88' lang='lat'><em>48:</em></span> <span class='ocrx_word' id='word_1_359' title='bbox 1340 3774 1421 3840; x_wconf 87' lang='lat' dir='ltr'><em>baec</em></span> <span class='ocrx_word' id='word_1_360' title='bbox 1443 3782 1474 3842; x_wconf 87' lang='lat' dir='ltr'><em>et</em></span> 
     </span>
     <span class='ocr_line' id='line_1_36' title="bbox 238 3872 1475 3960; baseline 0.008 -26"><span class='ocrx_word' id='word_1_361' title='bbox 238 3872 451 3937; x_wconf 76' lang='lat' dir='ltr'><em>huiuscemodi</em></span> <span class='ocrx_word' id='word_1_362' title='bbox 480 3873 714 3957; x_wconf 83' lang='lat' dir='ltr'><em>Tbeapbrastus</em></span> <span class='ocrx_word' id='word_1_363' title='bbox 740 3876 903 3938; x_wconf 83' lang='lat' dir='ltr'><em>dissereus.</em></span> <span class='ocrx_word' id='word_1_364' title='bbox 938 3896 984 3960; x_wconf 90' lang='lat' dir='ltr'><em>ep.</em></span> <span class='ocrx_word' id='word_1_365' title='bbox 1010 3876 1080 3956; x_wconf 84' lang='lat'>117,</span> <span class='ocrx_word' id='word_1_366' title='bbox 1103 3880 1142 3941; x_wconf 87' lang='lat'><em>4:</em></span> <span class='ocrx_word' id='word_1_367' title='bbox 1173 3897 1229 3940; x_wconf 90' lang='lat' dir='ltr'><em>uec</em></span> <span class='ocrx_word' id='word_1_368' title='bbox 1248 3897 1378 3960; x_wconf 88' lang='lat' dir='ltr'><em>possum</em></span> <span class='ocrx_word' id='word_1_369' title='bbox 1400 3898 1475 3944; x_wconf 90' lang='lat' dir='ltr'><em>cum</em></span> 
     </span>
     <span class='ocr_line' id='line_1_37' title="bbox 238 3975 1475 4062; baseline 0.008 -25"><span class='ocrx_word' id='word_1_370' title='bbox 238 3975 419 4039; x_wconf 83' lang='lat' dir='ltr'><em>buiusmodi</em></span> <span class='ocrx_word' id='word_1_371' title='bbox 447 3977 555 4040; x_wconf 85' lang='lat' dir='ltr'><em>uiuere.</em></span> <span class='ocrx_word' id='word_1_372' title='bbox 584 3981 616 4043; x_wconf 89' lang='lat' dir='ltr'><em>in</em></span> <span class='ocrx_word' id='word_1_373' title='bbox 644 3981 753 4043; x_wconf 80' lang='lat' dir='ltr'><em>Erech.</em></span> <span class='ocrx_word' id='word_1_374' title='bbox 776 3981 820 4042; x_wconf 88' lang='lat' dir='ltr'>VI</span> <span class='ocrx_word' id='word_1_375' title='bbox 850 3981 903 4057; x_wconf 88' lang='lat'><em>18,</em></span> <span class='ocrx_word' id='word_1_376' title='bbox 932 3982 950 4042; x_wconf 90' lang='lat'>5</span> <span class='ocrx_word' id='word_1_377' title='bbox 983 3999 1067 4062; x_wconf 77' lang='lat' dir='ltr'><em>sqq:</em></span> <span class='ocrx_word' id='word_1_378' title='bbox 1101 3979 1184 4059; x_wconf 85' lang='lat' dir='ltr'><em>quod</em></span> <span class='ocrx_word' id='word_1_379' title='bbox 1215 4000 1255 4042; x_wconf 91' lang='lat' dir='ltr'><em>ue</em></span> <span class='ocrx_word' id='word_1_380' title='bbox 1285 3983 1475 4048; x_wconf 80' lang='lat' dir='ltr'><em>uescendum</em></span> 
     </span>
     <span class='ocr_line' id='line_1_38' title="bbox 238 4078 1475 4170; baseline 0.011 -31"><span class='ocrx_word' id='word_1_381' title='bbox 238 4078 363 4158; x_wconf 83' lang='lat' dir='ltr'><em>quidem</em></span> <span class='ocrx_word' id='word_1_382' title='bbox 385 4099 454 4141; x_wconf 89' lang='lat' dir='ltr'><em>cum</em></span> <span class='ocrx_word' id='word_1_383' title='bbox 476 4079 688 4144; x_wconf 76' lang='lat' dir='ltr'><em>huiuscemodi</em></span> <span class='ocrx_word' id='word_1_384' title='bbox 711 4081 752 4143; x_wconf 91' lang='lat' dir='ltr'><em>sit</em></span> <span class='ocrx_word' id='word_1_385' title='bbox 767 4082 856 4162; x_wconf 85' lang='lat' dir='ltr'><em>cett.)</em></span> <span class='ocrx_word' id='word_1_386' title='bbox 902 4101 938 4146; x_wconf 82' lang='lat' dir='ltr'><em>eo</em></span> <span class='ocrx_word' id='word_1_387' title='bbox 961 4084 1027 4147; x_wconf 85' lang='lat' dir='ltr'><em>sine</em></span> <span class='ocrx_word' id='word_1_388' title='bbox 1047 4085 1144 4147; x_wconf 89' lang='lat' dir='ltr'><em>dubio</em></span> <span class='ocrx_word' id='word_1_389' title='bbox 1168 4104 1216 4166; x_wconf 84' lang='lat' dir='ltr'><em>ap.</em></span> <span class='ocrx_word' id='word_1_390' title='bbox 1240 4084 1317 4148; x_wconf 84' lang='lat' dir='ltr'><em>aIIos</em></span> <span class='ocrx_word' id='word_1_391' title='bbox 1341 4105 1475 4170; x_wconf 88' lang='lat' dir='ltr'><em>quoque</em></span> 
     </span>
    </p>

    <p class='ocr_par' dir='ltr' id='par_1_9' title="bbox 205 4183 1477 4368">
     <span class='ocr_line' id='line_1_39' title="bbox 239 4183 1477 4264; baseline 0.01 -20"><span class='ocrx_word' id='word_1_392' title='bbox 239 4200 312 4245; x_wconf 89' lang='lat' dir='ltr'><em>sorr.</em></span> <span class='ocrx_word' id='word_1_393' title='bbox 344 4186 438 4264; x_wconf 79' lang='lat' dir='ltr'><em>posit.</em></span> <span class='ocrx_word' id='word_1_394' title='bbox 470 4185 663 4261; x_wconf 87' lang='lat' dir='ltr'><em>inveniatur,</em></span> <span class='ocrx_word' id='word_1_395' title='bbox 697 4205 760 4248; x_wconf 91' lang='lat' dir='ltr'><em>uon</em></span> <span class='ocrx_word' id='word_1_396' title='bbox 793 4187 834 4248; x_wconf 93' lang='lat' dir='ltr'><em>sit</em></span> <span class='ocrx_word' id='word_1_397' title='bbox 860 4186 1067 4250; x_wconf 82' lang='lat' dir='ltr'><em>ourLirtioh.</em></span> <span class='ocrx_word' id='word_1_398' title='bbox 1100 4183 1289 4248; x_wconf 75' lang='lat' dir='ltr'><em>«bamiuem»</em></span> <span class='ocrx_word' id='word_1_399' title='bbox 1322 4189 1477 4256; x_wconf 80' lang='lat' dir='ltr'><em>codicum</em></span> 
     </span>
     <span class='ocr_line' id='line_1_40' title="bbox 205 4272 783 4368; baseline 0.007 -22"><span class='ocrx_word' id='word_1_400' title='bbox 205 4272 208 4278; x_wconf 71' lang='grc'><strong>’</strong></span> <span class='ocrx_word' id='word_1_401' title='bbox 239 4286 428 4350; x_wconf 79' lang='lat' dir='ltr'><em>auctoritate</em></span> <span class='ocrx_word' id='word_1_402' title='bbox 452 4286 596 4368; x_wconf 77' lang='lat' dir='ltr'><em>neglecte</em></span> <span class='ocrx_word' id='word_1_403' title='bbox 620 4287 783 4352; x_wconf 79' lang='lat' dir='ltr'><em>addiderit.</em></span> 
     </span>
    </p>
   </div>
   <div class='ocr_carea' id='block_1_7' title="bbox 0 0 1553 4898">
    <p class='ocr_par' dir='ltr' id='par_1_10' title="bbox 0 0 1553 4898">
     <span class='ocr_line' id='line_1_41' title="bbox 0 0 1553 4898; baseline 0 0"><span class='ocrx_word' id='word_1_404' title='bbox 0 0 1553 4898; x_wconf 95' lang='lat' dir='ltr'><em> </em></span> 
     </span>
    </p>
   </div>
  </div>
 </body>
</html>
